%40
@article{ware1987evaluation,
  title={An evaluation of an eye tracker as a device for computer input2},
  author={Ware, Colin and Mikaelian, Harutune H},
  journal={ACM SIGCHI Bulletin},
  volume={18},
  number={4},
  pages={183--188},
  year={1987},
  publisher={ACM}
}
%8
@book{duchowski2007eye,
  title={Eye tracking methodology: Theory and practice},
  author={Duchowski, Andrew T},
  volume={373},
  year={2007},
  publisher={Springer}
}
%15
@article{jacob2003eye,
  title={Eye tracking in human-computer interaction and usability research: Ready to deliver the promises},
  author={Jacob, Robert JK and Karn, Keith S},
  journal={Mind},
  volume={2},
  number={3},
  pages={4},
  year={2003}
}
%19
@inproceedings{li2006openeyes,
  title={openEyes: a low-cost head-mounted eye-tracking solution},
  author={Li, Dongheng and Babcock, Jason and Parkhurst, Derrick J},
  booktitle={Proceedings of the 2006 symposium on Eye tracking research \& applications},
  pages={95--100},
  year={2006},
  organization={ACM}
}

@article{duchowski2002breadth,
  title={A breadth-first survey of eye-tracking applications},
  author={Duchowski, Andrew T},
  journal={Behavior Research Methods, Instruments, \& Computers},
  volume={34},
  number={4},
  pages={455--470},
  year={2002},
  publisher={Springer}
}

@inproceedings{bolt1990gaze,
  title={A gaze-responsive self-disclosing display},
  author={Bolt, Richard A},
  booktitle={Proceedings of the SIGCHI conference on Human factors in computing systems},
  pages={3--10},
  year={1990},
  organization={ACM}
}
%14
@article{jacob1991use,
  title={The use of eye movements in human-computer interaction techniques: what you look at is what you get},
  author={Jacob, Robert JK},
  journal={ACM Transactions on Information Systems (TOIS)},
  volume={9},
  number={2},
  pages={152--169},
  year={1991},
  publisher={ACM}
}

@techreport{tong1984progress,
  title={Progress report on an eye-slaved area-of-interest visual display},
  author={Tong, HM and Fisher, RA},
  year={1984},
  institution={DTIC Document}
}

@inproceedings{bolt1981gaze,
  title={Gaze-orchestrated dynamic windows},
  author={Bolt, Richard A},
  booktitle={ACM SIGGRAPH Computer Graphics},
  volume={15},
  number={3},
  pages={109--119},
  year={1981},
  organization={ACM}
}

@inproceedings{ashmore2005efficient,
  title={Efficient eye pointing with a fisheye lens},
  author={Ashmore, Michael and Duchowski, Andrew T and Shoemaker, Garth},
  booktitle={Proceedings of Graphics interface 2005},
  pages={203--210},
  year={2005},
  organization={Canadian Human-Computer Communications Society}
}

@inproceedings{miniotas2006speech,
  title={Speech-augmented eye gaze interaction with small closely spaced targets},
  author={Miniotas, Darius and {\v{S}}pakov, Oleg and Tugoy, Ivan and MacKenzie, I Scott},
  booktitle={Proceedings of the 2006 symposium on Eye tracking research \& applications},
  pages={67--72},
  year={2006},
  organization={ACM}
}

@inproceedings{yamato2000button,
  title={Button selection for general GUIs using eye and hand together},
  author={Yamato, Masatake and Inoue, Katsuro and Monden, Akito and Torii, Koji and Matsumoto, Ken-ichi},
  booktitle={Proceedings of the working conference on Advanced visual interfaces},
  pages={270--273},
  year={2000},
  organization={ACM}
}

@inproceedings{zhai1999manual,
  title={Manual and gaze input cascaded (MAGIC) pointing},
  author={Zhai, Shumin and Morimoto, Carlos and Ihde, Steven},
  booktitle={Proceedings of the SIGCHI conference on Human factors in computing systems: the CHI is the limit},
  pages={246--253},
  year={1999},
  organization={ACM}
}

@article{o2004perceptually,
  title={Perceptually adaptive graphics},
  author={O’Sullivan, Carol and Howlett, Sarah and Morvan, Yann and McDonnell, Rachel and O'Conor, Keith},
  journal={Eurographics state of the art reports},
  volume={4},
  year={2004}
}

@article{duchowski2007foveated,
  title={Foveated gaze-contingent displays for peripheral LOD management, 3D visualization, and stereo imaging},
  author={Duchowski, Andrew T and {\c{C}}{\"o}ltekin, Arzu},
  journal={ACM Transactions on Multimedia Computing, Communications, and Applications (TOMCCAP)},
  volume={3},
  number={4},
  pages={6},
  year={2007},
  publisher={ACM}
}

@article{howlett2003eye,
  title={Eye movements and interactive graphics},
  author={HOWLETT, SARAH and DINGLIANA, JOHN LALZOLIANA and O'SULLIVAN, CAROL ANN},
  year={2003},
  publisher={Elsevier Science}
}

@inproceedings{ashmore2005efficient,
  title={Efficient eye pointing with a fisheye lens},
  author={Ashmore, Michael and Duchowski, Andrew T and Shoemaker, Garth},
  booktitle={Proceedings of Graphics interface 2005},
  pages={203--210},
  year={2005},
  organization={Canadian Human-Computer Communications Society}
}

@article{surakka2004gazing,
  title={Gazing and frowning as a new human--computer interaction technique},
  author={Surakka, Veikko and Illi, Marko and Isokoski, Poika},
  journal={ACM Transactions on Applied Perception (TAP)},
  volume={1},
  number={1},
  pages={40--56},
  year={2004},
  publisher={ACM}
}

@inproceedings{tanriverdi2000interacting,
  title={Interacting with eye movements in virtual environments},
  author={Tanriverdi, Vildan and Jacob, Robert JK},
  booktitle={Proceedings of the SIGCHI conference on Human factors in computing systems},
  pages={265--272},
  year={2000},
  organization={ACM}
}

@article{vertegaal2006designing,
  title={Designing for augmented attention: Towards a framework for attentive user interfaces},
  author={Vertegaal, Roel and Shell, Jeffrey S and Chen, Daniel and Mamuji, Aadil},
  journal={Computers in Human Behavior},
  volume={22},
  number={4},
  pages={771--789},
  year={2006},
  publisher={Elsevier}
}

@article{vertegaal2008attentive,
  title={Attentive user interfaces: the surveillance and sousveillance of gaze-aware objects},
  author={Vertegaal, Roel and Shell, Jeffrey S},
  journal={Social Science Information},
  volume={47},
  number={3},
  pages={275--298},
  year={2008},
  publisher={Sage Publications}
}

@inproceedings{hyrskykari2005gaze,
  title={From gaze control to attentive interfaces},
  author={Hyrskykari, Aulikki and Majaranta, P{\"a}ivi and R{\"a}ih{\"a}, Kari-Jouko},
  booktitle={Proceedings of HCII},
  year={2005}
}

@inproceedings{ruddarraju2003perceptual,
  title={Perceptual user interfaces using vision-based eye tracking},
  author={Ruddarraju, Ravikrishna and Haro, Antonio and Nagel, Kris and Tran, Quan T and Essa, Irfan A and Abowd, Gregory and Mynatt, Elizabeth D},
  booktitle={Proceedings of the 5th international conference on Multimodal interfaces},
  pages={227--233},
  year={2003},
  organization={ACM}
}

@inproceedings{vertegaal2002designing,
  title={Designing attentive interfaces},
  author={Vertegaal, Roel},
  booktitle={Proceedings of the 2002 symposium on Eye tracking research \& applications},
  pages={23--30},
  year={2002},
  organization={ACM}
}

@inproceedings{majaranta2009fast,
  title={Fast gaze typing with an adjustable dwell time},
  author={Majaranta, P{\"a}ivi and Ahola, Ulla-Kaija and {\v{S}}pakov, Oleg},
  booktitle={Proceedings of the SIGCHI Conference on Human Factors in Computing Systems},
  pages={357--360},
  year={2009},
  organization={ACM}
}

@inproceedings{mackenzie2008eye,
  title={Eye typing using word and letter prediction and a fixation algorithm},
  author={MacKenzie, I Scott and Zhang, Xuang},
  booktitle={Proceedings of the 2008 symposium on Eye tracking research \& applications},
  pages={55--58},
  year={2008},
  organization={ACM}
}

@inproceedings{hornof2004eyedraw,
  title={Eyedraw: a system for drawing pictures with eye movements},
  author={Hornof, Anthony and Cavender, Anna and Hoselton, Rob},
  booktitle={ACM SIGACCESS Accessibility and Computing},
  number={77-78},
  pages={86--93},
  year={2004},
  organization={ACM}
}

@inproceedings{hornof2005eyedraw,
  title={EyeDraw: enabling children with severe motor impairments to draw with their eyes},
  author={Hornof, Anthony J and Cavender, Anna},
  booktitle={Proceedings of the SIGCHI conference on Human factors in computing systems},
  pages={161--170},
  year={2005},
  organization={ACM}
}

@incollection{istance2009your,
  title={For your eyes only: Controlling 3d online games by eye-gaze},
  author={Istance, Howell and Hyrskykari, Aulikki and Vickers, Stephen and Chaves, Thiago},
  booktitle={Human-Computer Interaction--INTERACT 2009},
  pages={314--327},
  year={2009},
  publisher={Springer}
}

@article{dorr2009gaze,
  title={Gaze beats mouse: A case study on a gaze-controlled breakout},
  author={Dorr, Michael and Pomarjanschi, Laura and Barth, Erhardt},
  journal={PsychNology Journal},
  volume={7},
  number={2},
  pages={197--211},
  year={2009}
}

@article{san2009evaluation,
  title={Evaluation of the potential of gaze input for game interaction},
  author={San Agustin, Javier and Mateo, Julio C and Hansen, John Paulin and Villanueva, Arantxa},
  journal={PsychNology Journal},
  volume={7},
  number={2},
  pages={213--236},
  year={2009}
}

@inproceedings{smith2006use,
  title={Use of eye movements for video game control},
  author={Smith, J David and Graham, TC},
  booktitle={Proceedings of the 2006 ACM SIGCHI international conference on Advances in computer entertainment technology},
  pages={20},
  year={2006},
  organization={ACM}
}

@incollection{qvarfordt2005realtourist,
  title={RealTourist--A Study of Augmenting Human-Human and Human-Computer Dialogue with Eye-Gaze Overlay},
  author={Qvarfordt, Pernilla and Beymer, David and Zhai, Shumin},
  booktitle={Human-Computer Interaction-INTERACT 2005},
  pages={767--780},
  year={2005},
  publisher={Springer}
}

@incollection{maglio2000gaze,
  title={Gaze and speech in attentive user interfaces},
  author={Maglio, Paul P and Matlock, Teenie and Campbell, Christopher S and Zhai, Shumin and Smith, Barton A},
  booktitle={Advances in Multimodal Interfaces—ICMI 2000},
  pages={1--7},
  year={2000},
  publisher={Springer}
}

@book{yarbus1967eye,
  title={Eye movements and vision},
  author={Yarbus, Alfred L and Riggs, Lorrin A},
  volume={2},
  number={5.10},
  year={1967},
  publisher={Plenum press New York}
}

@article{simola2008using,
  title={Using hidden Markov model to uncover processing states from eye movements in information search tasks},
  author={Simola, Jaana and Saloj{\"a}rvi, Jarkko and Kojo, Ilpo},
  journal={Cognitive Systems Research},
  volume={9},
  number={4},
  pages={237--251},
  year={2008},
  publisher={Elsevier}
}
%32
@inproceedings{salvucci1999inferring,
  title={Inferring intent in eye-based interfaces: tracing eye movements with process models},
  author={Salvucci, Dario D},
  booktitle={Proceedings of the SIGCHI conference on Human Factors in Computing Systems},
  pages={254--261},
  year={1999},
  organization={ACM}
}
%33
@inproceedings{salvucci2000intelligent,
  title={Intelligent gaze-added interfaces},
  author={Salvucci, Dario D and Anderson, John R},
  booktitle={Proceedings of the SIGCHI conference on Human factors in computing systems},
  pages={273--280},
  year={2000},
  organization={ACM}
}

@article{ajanki2009can,
  title={Can eyes reveal interest? Implicit queries from gaze patterns},
  author={Ajanki, Antti and Hardoon, David R and Kaski, Samuel and Puolam{\"a}ki, Kai and Shawe-Taylor, John},
  journal={User Modeling and User-Adapted Interaction},
  volume={19},
  number={4},
  pages={307--339},
  year={2009},
  publisher={Springer}
}

@incollection{drewes2007interacting,
  title={Interacting with the computer using gaze gestures},
  author={Drewes, Heiko and Schmidt, Albrecht},
  booktitle={Human-Computer Interaction--INTERACT 2007},
  pages={475--488},
  year={2007},
  publisher={Springer}
}

@inproceedings{drewes2007eye,
  title={Eye-gaze interaction for mobile phones},
  author={Drewes, Heiko and De Luca, Alexander and Schmidt, Albrecht},
  booktitle={Proceedings of the 4th international conference on mobile technology, applications, and systems and the 1st international symposium on Computer human interaction in mobile technology},
  pages={364--371},
  year={2007},
  organization={ACM}
}

@inproceedings{de2007evaluation,
  title={Evaluation of eye-gaze interaction methods for security enhanced PIN-entry},
  author={De Luca, Alexander and Weiss, Roman and Drewes, Heiko},
  booktitle={Proceedings of the 19th Australasian conference on Computer-Human Interaction: Entertaining User Interfaces},
  pages={199--202},
  year={2007},
  organization={ACM}
}
%27
@inproceedings{pohl2009comparing,
  title={Comparing the readability of graph layouts using eyetracking and task-oriented analysis},
  author={Pohl, Mathias and Schmitt, Markus and Diehl, Stephan},
  booktitle={Proceedings of the Fifth Eurographics conference on Computational Aesthetics in Graphics, Visualization and Imaging},
  pages={49--56},
  year={2009},
  organization={Eurographics Association}
}
%13
@inproceedings{huang2008beyond,
  title={Beyond time and error: a cognitive approach to the evaluation of graph drawings},
  author={Huang, Weidong and Eades, Peter and Hong, Seok-Hee},
  booktitle={Proceedings of the 2008 Workshop on BEyond time and errors: novel evaLuation methods for Information Visualization},
  pages={3},
  year={2008},
  organization={ACM}
}
%12
@inproceedings{huang2005people,
  title={How people read graphs},
  author={Huang, Weidong and Eades, Peter},
  booktitle={proceedings of the 2005 Asia-Pacific symposium on Information visualisation-Volume 45},
  pages={51--58},
  year={2005},
  organization={Australian Computer Society, Inc.}
}

@inproceedings{kumar2007eyepoint,
  title={EyePoint: practical pointing and selection using gaze and keyboard},
  author={Kumar, Manu and Paepcke, Andreas and Winograd, Terry},
  booktitle={Proceedings of the SIGCHI conference on Human factors in computing systems},
  pages={421--430},
  year={2007},
  organization={ACM}
}

@inproceedings{kumar2008improving,
  title={Improving the accuracy of gaze input for interaction},
  author={Kumar, Manu and Klingner, Jeff and Puranik, Rohan and Winograd, Terry and Paepcke, Andreas},
  booktitle={Proceedings of the 2008 symposium on Eye tracking research \& applications},
  pages={65--68},
  year={2008},
  organization={ACM}
}

@inproceedings{istance2008snap,
  title={Snap clutch, a moded approach to solving the Midas touch problem},
  author={Istance, Howell and Bates, Richard and Hyrskykari, Aulikki and Vickers, Stephen},
  booktitle={Proceedings of the 2008 symposium on Eye tracking research \& applications},
  pages={221--228},
  year={2008},
  organization={ACM}
}

@inproceedings{bates2002zooming,
  title={Zooming interfaces!: enhancing the performance of eye controlled pointing devices},
  author={Bates, Richard and Istance, Howell},
  booktitle={Proceedings of the fifth international ACM conference on Assistive technologies},
  pages={119--126},
  year={2002},
  organization={ACM}
}

@inproceedings{zhang2008improving,
  title={Improving eye cursor's stability for eye pointing tasks},
  author={Zhang, Xinyong and Ren, Xiangshi and Zha, Hongbin},
  booktitle={Proceedings of the SIGCHI Conference on Human Factors in Computing Systems},
  pages={525--534},
  year={2008},
  organization={ACM}
}

@inproceedings{miniotas2004eye,
  title={Eye gaze interaction with expanding targets},
  author={Miniotas, Darius and {\v{S}}pakov, Oleg and MacKenzie, I Scott},
  booktitle={CHI'04 extended abstracts on Human factors in computing systems},
  pages={1255--1258},
  year={2004},
  organization={ACM}
}

@article{howlett2003eye,
  title={Eye movements and interactive graphics},
  author={HOWLETT, SARAH and DINGLIANA, JOHN LALZOLIANA and O'SULLIVAN, CAROL ANN},
  year={2003},
  publisher={Elsevier Science}
}

@incollection{istance2009your,
  title={For your eyes only: Controlling 3d online games by eye-gaze},
  author={Istance, Howell and Hyrskykari, Aulikki and Vickers, Stephen and Chaves, Thiago},
  booktitle={Human-Computer Interaction--INTERACT 2009},
  pages={314--327},
  year={2009},
  publisher={Springer}
}

@article{jonsson2005if,
  title={If looks could kill--an evaluation of eye tracking in computer games},
  author={J{\"o}nsson, Erika},
  journal={Unpublished Master's Thesis, Royal Institute of Technology (KTH), Stockholm, Sweden},
  year={2005},
  publisher={Citeseer}
}

@article{isokoski2009gaze,
  title={Gaze controlled games},
  author={Isokoski, Poika and Joos, Markus and Spakov, Oleg and Martin, Beno{\^\i}t},
  journal={Universal Access in the Information Society},
  volume={8},
  number={4},
  pages={323--337},
  year={2009},
  publisher={Springer}
}

@inproceedings{smith2006use,
  title={Use of eye movements for video game control},
  author={Smith, J David and Graham, TC},
  booktitle={Proceedings of the 2006 ACM SIGCHI international conference on Advances in computer entertainment technology},
  pages={20},
  year={2006},
  organization={ACM}
}

@article{davenport2012data,
  title={Data Scientist},
  author={Davenport, Thomas H and Patil, DJ},
  journal={Harvard business review},
  year={2012}
}

@article{keim2002information,
  title={Information visualization and visual data mining},
  author={Keim, Daniel A},
  journal={Visualization and Computer Graphics, IEEE Transactions on},
  volume={8},
  number={1},
  pages={1--8},
  year={2002},
  publisher={IEEE}
}

@book{keim2008visual,
  title={Visual analytics: Definition, process, and challenges},
  author={Keim, Daniel and Andrienko, Gennady and Fekete, Jean-Daniel and G{\"o}rg, Carsten and Kohlhammer, J{\"o}rn and Melan{\c{c}}on, Guy},
  year={2008},
  publisher={Springer}
}

@article{most2001not,
  title={How not to be seen: The contribution of similarity and selective ignoring to sustained inattentional blindness},
  author={Most, Steven B and Simons, Daniel J and Scholl, Brian J and Jimenez, Rachel and Clifford, Erin and Chabris, Christopher F},
  journal={Psychological Science},
  volume={12},
  number={1},
  pages={9--17},
  year={2001},
  publisher={SAGE Publications}
}

@article{simons2005change,
  title={Change blindness: Past, present, and future},
  author={Simons, Daniel J and Rensink, Ronald A},
  journal={Trends in cognitive sciences},
  volume={9},
  number={1},
  pages={16--20},
  year={2005},
  publisher={Elsevier}
}

@inproceedings{judd2009learning,
  title={Learning to predict where humans look},
  author={Judd, Tilke and Ehinger, Krista and Durand, Fr{\'e}do and Torralba, Antonio},
  booktitle={Computer Vision, 2009 IEEE 12th international conference on},
  pages={2106--2113},
  year={2009},
  organization={IEEE}
}

@inproceedings{lee2006task,
  title={Task taxonomy for graph visualization},
  author={Lee, Bongshin and Plaisant, Catherine and Parr, Cynthia Sims and Fekete, Jean-Daniel and Henry, Nathalie},
  booktitle={Proceedings of the 2006 AVI workshop on BEyond time and errors: novel evaluation methods for information visualization},
  pages={1--5},
  year={2006},
  organization={ACM}
}

@inproceedings{jianu2009coloring,
  title={A coloring solution to the edge crossing problem},
  author={Jianu, R. and Rusu, A. and Fabian, A.J. and Laidlaw, D.H.},
  booktitle={Information Visualisation, 2009 13th International Conference},
  pages={691--696},
  year={2009},
  organization={IEEE}
}

@article{jianu2010visual,
  title={Visual integration of quantitative proteomic data, pathways, and protein interactions},
  author={Jianu, R. and Yu, K. and Cao, L. and Nguyen, V. and Salomon, A.R. and Laidlaw, D.H.},
  journal={Visualization and Computer Graphics, IEEE Transactions on},
  volume={16},
  number={4},
  pages={609--620},
  year={2010},
  publisher={IEEE}
}

@article{jianu2009exploring,
  title={Exploring 3D DTI fiber tracts with linked 2D representations},
  author={Jianu, R. and Demiralp, C. and Laidlaw, D.H.},
  journal={Visualization and Computer Graphics, IEEE Transactions on},
  volume={15},
  number={6},
  pages={1449--1456},
  year={2009},
  publisher={IEEE}
}

@article{jianu2012exploring,
  title={Exploring brain connectivity with two-dimensional neural maps},
  author={Jianu, R. and Demiralp, C. and Laidlaw, D.H.},
  journal={Visualization and Computer Graphics, IEEE Transactions on},
  volume={18},
  number={6},
  pages={978--987},
  year={2012},
  publisher={IEEE}
}

@article{collins2009bubble,
  title={Bubble sets: Revealing set relations with isocontours over existing visualizations},
  author={Collins, Christopher and Penn, Gerald and Carpendale, Sheelagh},
  journal={Visualization and Computer Graphics, IEEE Transactions on},
  volume={15},
  number={6},
  pages={1009--1016},
  year={2009},
  publisher={IEEE}
}

@inproceedings{heer2010crowdsourcing,
  title={Crowdsourcing graphical perception: using mechanical turk to assess visualization design},
  author={Heer, Jeffrey and Bostock, Michael},
  booktitle={Proceedings of the SIGCHI Conference on Human Factors in Computing Systems},
  pages={203--212},
  year={2010},
  organization={ACM}
}

@inproceedings{holten2009force,
  title={Force-Directed Edge Bundling for Graph Visualization},
  author={Holten, Danny and Van Wijk, Jarke J},
  booktitle={Computer Graphics Forum},
  volume={28},
  number={3},
  pages={983--990},
  year={2009},
  organization={Wiley Online Library}
}

@inproceedings{gansner2011multilevel,
  title={Multilevel agglomerative edge bundling for visualizing large graphs},
  author={Gansner, Emden R and Hu, Yifan and North, Stephen and Scheidegger, Carlos},
  booktitle={Pacific Visualization Symposium (PacificVis), 2011 IEEE},
  pages={187--194},
  year={2011},
  organization={IEEE}
}

@inproceedings{johansson2005revealing,
  title={Revealing structure within clustered parallel coordinates displays},
  author={Johansson, Jimmy and Ljung, Patric and Jern, Mikael and Cooper, Matthew},
  booktitle={Information Visualization, 2005. INFOVIS 2005. IEEE Symposium on},
  pages={125--132},
  year={2005},
  organization={IEEE}
}

@inproceedings{zhou2008visual,
  title={Visual clustering in parallel coordinates},
  author={Zhou, Hong and Yuan, Xiaoru and Qu, Huamin and Cui, Weiwei and Chen, Baoquan},
  booktitle={Computer Graphics Forum},
  volume={27},
  number={3},
  pages={1047--1054},
  year={2008},
  organization={Wiley Online Library}
}

@inproceedings{graham2003using,
  title={Using curves to enhance parallel coordinate visualisations},
  author={Graham, Martin and Kennedy, Jessie},
  booktitle={Information Visualization, 2003. IV 2003. Proceedings. Seventh International Conference on},
  pages={10--16},
  year={2003},
  organization={IEEE}
}

@inproceedings{mcdonnell2008illustrative,
  title={Illustrative parallel coordinates},
  author={McDonnell, Kevin T and Mueller, Klaus},
  booktitle={Computer Graphics Forum},
  volume={27},
  number={3},
  pages={1031--1038},
  year={2008},
  organization={Wiley Online Library}
}

@article{elmqvist2007citewiz,
  title={CiteWiz: a tool for the visualization of scientific citation networks},
  author={Elmqvist, Niklas and Tsigas, Philippas},
  journal={Information Visualization},
  volume={6},
  number={3},
  pages={215--232},
  year={2007},
  publisher={SAGE Publications}
}
%44
@article{dork2012pivotpaths,
  title={PivotPaths: Strolling through Faceted Information Spaces},
  author={Dork, Marian and Henry Riche, Nathalie and Ramos, Gonzalo and Dumais, Susan},
  journal={Visualization and Computer Graphics, IEEE Transactions on},
  volume={18},
  number={12},
  pages={2709--2718},
  year={2012},
  publisher={IEEE}
}

@inproceedings{hyrskykari2000design,
  title={Design issues of iDICT: a gaze-assisted translation aid},
  author={Hyrskykari, Aulikki and Majaranta, P{\"a}ivi and Aaltonen, Antti and R{\"a}ih{\"a}, Kari-Jouko},
  booktitle={Proceedings of the 2000 symposium on Eye tracking research \& applications},
  pages={9--14},
  year={2000},
  organization={ACM}
}

@inproceedings{eger2007cueing,
  title={Cueing retrospective verbal reports in usability testing through eye-movement replay},
  author={Eger, Nicola and Ball, Linden J and Stevens, Robert and Dodd, Jon},
  booktitle={Proceedings of the 21st British HCI Group Annual Conference on People and Computers: HCI... but not as we know it-Volume 1},
  pages={129--137},
  year={2007},
  organization={British Computer Society}
}

@inproceedings{guan2006validity,
  title={The validity of the stimulated retrospective think-aloud method as measured by eye tracking},
  author={Guan, Zhiwei and Lee, Shirley and Cuddihy, Elisabeth and Ramey, Judith},
  booktitle={Proceedings of the SIGCHI conference on Human Factors in computing systems},
  pages={1253--1262},
  year={2006},
  organization={ACM}
}

@article{gomez2012different,
  title={Different Strokes for Different Folks: Visual Presentation Design between Disciplines},
  author={Gomez, Steven R and Jianu, Radu and Ziemkiewicz, Caroline and Guo, Hua and Laidlaw, David},
  journal={Visualization and Computer Graphics, IEEE Transactions on},
  volume={18},
  number={12},
  pages={2411--2420},
  year={2012},
  publisher={IEEE}
}
@inproceedings{jianu2012evaluation,
  title={An evaluation of how small user interface changes can improve scientists' analytic strategies},
  author={Jianu, Radu and Laidlaw, David},
  booktitle={Proceedings of the SIGCHI Conference on Human Factors in Computing Systems},
  pages={2953--2962},
  year={2012},
  organization={ACM}
}

@inproceedings{laidlaw2001quantitative,
  title={Quantitative comparative evaluation of 2D vector field visualization methods},
  author={Laidlaw, David H and Davidson, J Scott and Miller, Timothy S and da Silva, Marco and Kirby, RM and Warren, William H and Tarr, Michael},
  booktitle={Proceedings of the conference on Visualization'01},
  pages={143--150},
  year={2001},
  organization={IEEE Computer Society}
}

@article{kosara2003thoughts,
  title={Thoughts on user studies: Why, how, and when},
  author={Kosara, Robert and Healey, Christopher G and Interrante, Victoria and Laidlaw, David H and Ware, Colin},
  journal={IEEE Computer Graphics and Applications},
  volume={23},
  number={4},
  pages={20--25},
  year={2003},
  publisher={Citeseer}
}

@article{saraiya2005insight,
  title={An insight-based methodology for evaluating bioinformatics visualizations},
  author={Saraiya, Purvi and North, Chris and Duca, Karen},
  journal={Visualization and Computer Graphics, IEEE Transactions on},
  volume={11},
  number={4},
  pages={443--456},
  year={2005},
  publisher={IEEE}
}

@article{north2006toward,
  title={Toward measuring visualization insight},
  author={North, Chris},
  journal={Computer Graphics and Applications, IEEE},
  volume={26},
  number={3},
  pages={6--9},
  year={2006},
  publisher={IEEE}
}

@article{sedlmair2012design,
  title={Design study methodology: reflections from the trenches and the stacks},
  author={Sedlmair, Michael and Meyer, Miriah and Munzner, Tamara},
  journal={Visualization and Computer Graphics, IEEE Transactions on},
  volume={18},
  number={12},
  pages={2431--2440},
  year={2012},
  publisher={IEEE}
}

@article{brooks1996computer,
  title={The computer scientist as toolsmith II},
  author={Brooks Jr, Frederick P},
  journal={Communications of the ACM},
  volume={39},
  number={3},
  pages={61--68},
  year={1996},
  publisher={ACM}
}

@inproceedings{streit2009gaze,
  title={Gaze-based focus adaption in an information visualization system},
  author={Streit, Marc and Lex, Alexander and M{\"u}ller, Heimo and Schmalstieg, Dieter},
  booktitle={IADIS International Conference Computer Graphics, Visualization, Computer Vision and Image Processing},
  pages={303--307},
  year={2009}
}
%37
@inproceedings{steichen2013user,
  title={User-adaptive information visualization: using eye gaze data to infer visualization tasks and user cognitive abilities},
  author={Steichen, Ben and Carenini, Giuseppe and Conati, Cristina},
  booktitle={Proceedings of the 2013 international conference on Intelligent user interfaces},
  pages={317--328},
  year={2013},
  organization={ACM}
}

@incollection{kardan2012exploring,
  title={Exploring gaze data for determining user learning with an interactive simulation},
  author={Kardan, Samad and Conati, Cristina},
  booktitle={User Modeling, Adaptation, and Personalization},
  pages={126--138},
  year={2012},
  publisher={Springer}
}

@inproceedings{bondareva2013inferring,
  title={Inferring Learning from Gaze Data during Interaction with an Environment to Support Self-Regulated Learning},
  author={Bondareva, Daria and Conati, Cristina and Feyzi-Behnagh, Reza and Harley, Jason M and Azevedo, Roger and Bouchet, Fran{\c{c}}ois},
  booktitle={Artificial Intelligence in Education},
  pages={229--238},
  year={2013},
  organization={Springer}
}
%29
@article{rayner1995eye,
  title={Eye movements and cognitive processes in reading, visual search, and scene perception},
  author={Rayner, Keith},
  journal={Studies in Visual Information Processing},
  volume={6},
  pages={3--22},
  year={1995},
  publisher={Elsevier}
}
%2
@article{blascheckstate,
  title={State-of-the-Art of Visualization for Eye Tracking Data},
  author={Blascheck, T and Kurzhals, K and Raschke, M and Burch, M and Weiskopf, D and Ertl, T},
year={2014},
journal={EuroVis2014}
}
%23
@article{mayer2010unique,
  title={Unique contributions of eye-tracking research to the study of learning with graphics},
  author={Mayer, Richard E},
  journal={Learning and instruction},
  volume={20},
  number={2},
  pages={167--171},
  year={2010},
  publisher={Elsevier}
}
%38
@article{van2010eye,
  title={Eye tracking as a tool to study and enhance multimedia learning},
  author={van Gog, Tamara and Scheiter, Katharina},
  journal={Learning and Instruction},
  volume={20},
  number={2},
  pages={95--99},
  year={2010},
  publisher={Elsevier}
}
%6
@article{conati2013eye,
  title={--Eye-Tracking for Student Modelling in Intelligent Tutoring Systems},
  author={Conati, Cristina and Aleven, Vincent and Mitrovic, Antonija},
  journal={Design Recommendations for Intelligent Tutoring Systems},
  pages={229},
  year={2013}
}

@inproceedings{gluck2000broader,
  title={Broader Bandwidth in Student Modeling: What if ITS Were “Eye” TS?},
  author={Gluck, Kevin A and Anderson, John R and Douglass, Scott A},
  booktitle={Intelligent Tutoring Systems},
  pages={504--513},
  year={2000},
  organization={Springer}
}

@inproceedings{carenini2014highlighting,
  title={Highlighting interventions and user differences: informing adaptive information visualization support},
  author={Carenini, Giuseppe and Conati, Cristina and Hoque, Enamul and Steichen, Ben and Toker, Dereck and Enns, James},
  booktitle={Proceedings of the 32nd annual ACM conference on Human factors in computing systems},
  pages={1835--1844},
  year={2014},
  organization={ACM}
}
%35
@inproceedings{sesma2012evaluation,
  title={Evaluation of pupil center-eye corner vector for gaze estimation using a web cam},
  author={Sesma, Laura and Villanueva, Arantxa and Cabeza, Rafael},
  booktitle={Proceedings of the symposium on eye tracking research and applications},
  pages={217--220},
  year={2012},
  organization={ACM}
}

@inproceedings{gajos2008predictability,
  title={Predictability and accuracy in adaptive user interfaces},
  author={Gajos, Krzysztof Z and Everitt, Katherine and Tan, Desney S and Czerwinski, Mary and Weld, Daniel S},
  booktitle={Proceedings of the SIGCHI Conference on Human Factors in Computing Systems},
  pages={1271--1274},
  year={2008},
  organization={ACM}
}

@incollection{maat2007gaze,
  title={Gaze-x: Adaptive, affective, multimodal interface for single-user office scenarios},
  author={Maat, Ludo and Pantic, Maja},
  booktitle={Artifical Intelligence for Human Computing},
  pages={251--271},
  year={2007},
  publisher={Springer}
}
%41
@inproceedings{weibel2012let,
  title={Let's look at the cockpit: exploring mobile eye-tracking for observational research on the flight deck},
  author={Weibel, Nadir and Fouse, Adam and Emmenegger, Colleen and Kimmich, Sara and Hutchins, Edwin},
  booktitle={Proceedings of the Symposium on Eye Tracking Research and Applications},
  pages={107--114},
  year={2012},
  organization={ACM}
}

%18
@inproceedings{kurzhals2014iseecube,
  title={ISeeCube: visual analysis of gaze data for video},
  author={Kurzhals, Kuno and Heimerl, Florian and Weiskopf, Daniel},
  booktitle={Proceedings of the Symposium on Eye Tracking Research and Applications},
  pages={351--358},
  year={2014},
  organization={ACM}
}



@article{tsang2010eseetrack,
  title={eSeeTrack: Visualizing Sequential Fixation Patterns},
  author={Tsang, Hoi Ying and Tory, Melanie and Swindells, Colin},
  journal={Visualization and Computer Graphics, IEEE Transactions on},
  volume={16},
  number={6},
  pages={953--962},
  year={2010},
  publisher={IEEE}
}
%28
@article{privitera2000algorithms,
  title={Algorithms for defining visual regions-of-interest: Comparison with eye fixations},
  author={Privitera, Claudio M. and Stark, Lawrence W},
  journal={Pattern Analysis and Machine Intelligence, IEEE Transactions on},
  volume={22},
  number={9},
  pages={970--982},
  year={2000},
  publisher={IEEE}
}

@inproceedings{stellmach20103d,
  title={3d attentional maps: aggregated gaze visualizations in three-dimensional virtual environments},
  author={Stellmach, Sophie and Nacke, Lennart and Dachselt, Raimund},
  booktitle={Proceedings of the international conference on advanced visual interfaces},
  pages={345--348},
  year={2010},
  organization={ACM}
}
%26
@article{papenmeier2010dynaoi,
  title={Dyn{A}{O}{I}: A tool for matching eye-movement data with dynamic areas of interest in animations and movies},
  author={Papenmeier, Frank and Huff, Markus},
  journal={Behavior Research Methods},
  volume={42},
  number={1},
  pages={179--187},
  year={2010},
  publisher={Springer}
}



@article{jarodzka2010eyes,
  title={In the eyes of the beholder: How experts and novices interpret dynamic stimuli},
  author={Jarodzka, Halszka and Scheiter, Katharina and Gerjets, Peter and Van Gog, Tamara},
  journal={Learning and Instruction},
  volume={20},
  number={2},
  pages={146--154},
  year={2010},
  publisher={Elsevier}
}

@inproceedings{ristovski2013eyec,
  title={EyeC: Coordinated views for interactive visual exploration of eye-tracking data},
  author={Ristovski, Gordan and Hunter, Mathew and Olk, Bettina and Linsen, Lars},
  booktitle={Information Visualisation (IV), 2013 17th International Conference},
  pages={239--248},
  year={2013},
  organization={IEEE}
}

@article{vassigh2002learning,
  title={Learning in Digital Space: Dynamic Visualization of Structural Behavior as Teaching Strategy},
  author={Vassigh, Shahin},
  journal={ACADIA’02},
  pages={39--47},
  year={2002}
}

@article{vassigh2014collaborative,
  title={Collaborative Learning in Building Sciences Enabled by Augmented Reality},
  author={Vassigh, Shahin and Newman, Winifred E and Behzadan, Amir and Zhu, Yimin and Chen, Shu-Ching and Graham, Scott},
  journal={American Journal of Civil Engineering and Architecture},
  volume={2},
  number={2},
  pages={83--88},
  year={2014},
  publisher={Science and Education Publishing}
}

@article{vassigh2010interactive,
  title={Interactive Teaching through Simulation Environments},
  author={Vassigh, Shahin and Herrera, Silvana},
  year={2010}
}

@inproceedings{qvarfordt2005conversing,
  title={Conversing with the user based on eye-gaze patterns},
  author={Qvarfordt, Pernilla and Zhai, Shumin},
  booktitle={Proceedings of the SIGCHI conference on Human factors in computing systems},
  pages={221--230},
  year={2005},
  organization={ACM}
}

@article{ahn2013adaptive,
  title={Adaptive visualization for exploratory information retrieval},
  author={Ahn, Jae-wook and Brusilovsky, Peter},
  journal={Information Processing \& Management},
  volume={49},
  number={5},
  pages={1139--1164},
  year={2013},
  publisher={Elsevier}
}

@inproceedings{crnovrsanin2011visual,
  title={Visual recommendations for network navigation},
  author={Crnovrsanin, Tarik and Liao, Isaac and Wu, Yingcai and Ma, Kwan-Liu},
  booktitle={Computer Graphics Forum},
  volume={30},
  number={3},
  pages={1081--1090},
  year={2011},
  organization={Wiley Online Library}
}

@incollection{gladisch2013navigation,
  title={Navigation recommendations for exploring hierarchical graphs},
  author={Gladisch, Stefan and Schumann, Heidrun and Tominski, Christian},
  booktitle={Advances in Visual Computing},
  pages={36--47},
  year={2013},
  publisher={Springer}
}

@inproceedings{gotz2010harvest,
  title={HARVEST: an intelligent visual analytic tool for the masses},
  author={Gotz, David and Lu, Jie and Kissa, Peter and Cao, Nan and Qian, Wei Hong and Liu, Shi Xia and Zhou, Michelle X},
  booktitle={Proceedings of the first international workshop on Intelligent visual interfaces for text analysis},
  pages={1--4},
  year={2010},
  organization={ACM}
}

@inproceedings{voigt2012context,
  title={Context-aware recommendation of visualization components},
  author={Voigt, Martin and Pietschmann, Stefan and Grammel, Lars and Mei{\ss}ner, Klaus},
  booktitle={eKNOW 2012, The Fourth International Conference on Information, Process, and Knowledge Management},
  pages={101--109},
  year={2012}
}

@incollection{toledo2013content,
  title={Content-Based Recommendation for Stacked-Graph Navigation},
  author={Toledo, Alejandro and Sookhanaphibarn, Kingkarn and Thawonmas, Ruck and Rinaldo, Frank},
  booktitle={Multimedia Services in Intelligent Environments},
  pages={99--113},
  year={2013},
  publisher={Springer}
}

@article{buscher2012attentive,
  title={Attentive documents: Eye tracking as implicit feedback for information retrieval and beyond},
  author={Buscher, Georg and Dengel, Andreas and Biedert, Ralf and Elst, Ludger V},
  journal={ACM Transactions on Interactive Intelligent Systems (TiiS)},
  volume={1},
  number={2},
  pages={9},
  year={2012},
  publisher={ACM}
}

@article{rayner1998eye,
  title={Eye movements in reading and information processing: 20 years of research.},
  author={Rayner, Keith},
  journal={Psychological bulletin},
  volume={124},
  number={3},
  pages={372},
  year={1998},
  publisher={American Psychological Association}
}

@inproceedings{qvarfordt2005conversing,
  title={Conversing with the user based on eye-gaze patterns},
  author={Qvarfordt, Pernilla and Zhai, Shumin},
  booktitle={Proceedings of the SIGCHI conference on Human factors in computing systems},
  pages={221--230},
  year={2005},
  organization={ACM}
}

@inproceedings{loboda2011inferring,
  title={Inferring word relevance from eye-movements of readers},
  author={Loboda, Tomasz D and Brusilovsky, Peter and Brunstein, J{\"o}erg},
  booktitle={Proceedings of the 16th international conference on Intelligent user interfaces},
  pages={175--184},
  year={2011},
  organization={ACM}
}

@incollection{lops2011content,
  title={Content-based recommender systems: State of the art and trends},
  author={Lops, Pasquale and De Gemmis, Marco and Semeraro, Giovanni},
  booktitle={Recommender systems handbook},
  pages={73--105},
  year={2011},
  publisher={Springer}
}

@incollection{pazzani2007content,
  title={Content-based recommendation systems},
  author={Pazzani, Michael J and Billsus, Daniel},
  booktitle={The adaptive web},
  pages={325--341},
  year={2007},
  publisher={Springer}
}

@article{casner1991task,
  title={Task-analytic approach to the automated design of graphic presentations},
  author={Casner, Stephen M},
  journal={ACM Transactions on Graphics (TOG)},
  volume={10},
  number={2},
  pages={111--151},
  year={1991},
  publisher={ACM}
}

@article{mackinlay1986automating,
  title={Automating the design of graphical presentations of relational information},
  author={Mackinlay, Jock},
  journal={ACM Transactions on Graphics (TOG)},
  volume={5},
  number={2},
  pages={110--141},
  year={1986},
  publisher={ACM}
}

@inproceedings{roth1994interactive,
  title={Interactive graphic design using automatic presentation knowledge},
  author={Roth, Steven F and Kolojejchick, John and Mattis, Joe and Goldstein, Jade},
  booktitle={Proceedings of the SIGCHI conference on Human factors in computing systems},
  pages={112--117},
  year={1994},
  organization={ACM}
}

@inproceedings{zhou2003automated,
  title={Automated generation of graphic sketches by example},
  author={Zhou, Michelle X and Chen, Min},
  booktitle={IJCAI},
  volume={3},
  pages={65--71},
  year={2003}
}

@inproceedings{liang2010highlighting,
  title={Highlighting in information visualization: A survey},
  author={Liang, Jie and Huang, Mao Lin},
  booktitle={Information Visualisation (IV), 2010 14th International Conference},
  pages={79--85},
  year={2010},
  organization={IEEE}
}

@article{heng2008immunological,
  title={The Immunological Genome Project: networks of gene expression in immune cells},
  author={Heng, Tracy SP and Painter, Michio W and Elpek, Kutlu and Lukacs-Kornek, Veronika and Mauermann, Nora and Turley, Shannon J and Koller, Daphne and Kim, Francis S and Wagers, Amy J and Asinovski, Natasha and others},
  journal={Nature immunology},
  volume={9},
  number={10},
  pages={1091--1094},
  year={2008},
  publisher={Nature Publishing Group}
}

@article{cheng2012eye,
  title={Eye-tracking based adaptive user interface: implicit human-computer interaction for preference indication},
  author={Cheng, Shiwei and Liu, Ying},
  journal={Journal on Multimodal User Interfaces},
  volume={5},
  number={1-2},
  pages={77--84},
  year={2012},
  publisher={Springer}
}

@article{billsus2000user,
  title={User modeling for adaptive news access},
  author={Billsus, Daniel and Pazzani, Michael J},
  journal={User modeling and user-adapted interaction},
  volume={10},
  number={2-3},
  pages={147--180},
  year={2000},
  publisher={Springer}
}
%24
@article{okoe2using,
  title={Using Eye-Tracking as Interactive Input Enhances Graph Visualization},
  author={Okoe, Mershack and Alam, Sayeed Safayet and Jianu, Radu},
  journal={IEEE Vis Poster Track},
  volume={2},
  pages={8},
	year={2013}
}
%25
@inproceedings{okoe2014gaze,
  title={A Gaze-enabled Graph Visualization to Improve Graph Reading Tasks},
  author={Okoe, Mershack and Alam, Sayeed Safayet and Jianu, Radu},
  booktitle={Computer Graphics Forum},
  volume={33},
  number={3},
  pages={251--260},
  year={2014},
  organization={The Eurographics Association and Blackwell Publishing Ltd.}
}

@article{sedlmair2012design,
  title={Design study methodology: Reflections from the trenches and the stacks},
  author={Sedlmair, Michael and Meyer, Miriah and Munzner, Tamara},
  journal={Visualization and Computer Graphics, IEEE Transactions on},
  volume={18},
  number={12},
  pages={2431--2440},
  year={2012},
  publisher={IEEE}
}

@article{collins2009bubble,
  title={Bubble sets: Revealing set relations with isocontours over existing visualizations},
  author={Collins, Christopher and Penn, Gerald and Carpendale, Sheelagh},
  journal={Visualization and Computer Graphics, IEEE Transactions on},
  volume={15},
  number={6},
  pages={1009--1016},
  year={2009},
  publisher={IEEE}
}

@article{schneider1990sequence,
  title={Sequence logos: a new way to display consensus sequences},
  author={Schneider, Thomas D and Stephens, R Michael},
  journal={Nucleic acids research},
  volume={18},
  number={20},
  pages={6097--6100},
  year={1990},
  publisher={Oxford Univ Press}
}

@article{havre2002themeriver,
  title={Themeriver: Visualizing thematic changes in large document collections},
  author={Havre, Susan and Hetzler, Elizabeth and Whitney, Paul and Nowell, Lucy},
  journal={Visualization and Computer Graphics, IEEE Transactions on},
  volume={8},
  number={1},
  pages={9--20},
  year={2002},
  publisher={IEEE}
}
%5
@inproceedings{burch2013aoi,
  title={{A}{O}{I} rivers for visualizing dynamic eye gaze frequencies},
  author={Burch, Michael and Kull, Andreas and Weiskopf, Daniel},
  booktitle={Computer Graphics Forum},
  volume={32},
  number={3pt3},
  pages={281--290},
  year={2013},
  organization={Wiley Online Library}
}
%30
@article{richardson2005looking,
  title={Looking to understand: The coupling between speakers' and listeners' eye movements and its relationship to discourse comprehension},
  author={Richardson, Daniel C and Dale, Rick},
  journal={Cognitive science},
  volume={29},
  number={6},
  pages={1045--1060},
  year={2005},
  publisher={Wiley Online Library}
}


@inproceedings{rusu2009academia,
  title={Academia-academia-industry collaborations on software engineering projects using local-remote teams},
  author={Rusu, Adrian and Rusu, Amalia and Docimo, Rebecca and Santiago, Confesor and Paglione, Mike},
  booktitle={ACM SIGCSE Bulletin},
  volume={41},
  number={1},
  pages={301--305},
  year={2009},
  organization={ACM}
}

@article{nguyen2009new,
  title={A new approach for quantitative phosphoproteomic dissection of signaling pathways applied to T cell receptor activation},
  author={Nguyen, Vinh and Cao, Lulu and Lin, Jonathan T and Hung, Norris and Ritz, Anna and Yu, Kebing and Jianu, Radu and Ulin, Samuel P and Raphael, Benjamin J and Laidlaw, David H and others},
  journal={Molecular \& Cellular Proteomics},
  volume={8},
  number={11},
  pages={2418--2431},
  year={2009},
  publisher={ASBMB}
}
%4
@article{burch2011evaluation,
  title={Evaluation of traditional, orthogonal, and radial tree diagrams by an eye tracking study},
  author={Burch, Michael and Konevtsova, Natalia and Heinrich, Julian and Hoeferlin, Markus and Weiskopf, Daniel},
  journal={Visualization and Computer Graphics, IEEE Transactions on},
  volume={17},
  number={12},
  pages={2440--2448},
  year={2011},
  publisher={IEEE}
}
%3
@inproceedings{burch2013visual,
  title={Visual task solution strategies in tree diagrams},
  author={Burch, Michael and Andrienko, Gennady and Andrienko, Natalia and Hoferlin, Markus and Raschke, Michael and Weiskopf, Daniel},
  booktitle={Visualization Symposium (PacificVis), 2013 IEEE Pacific},
  pages={169--176},
  year={2013},
  organization={IEEE}
}
%16
@article{kim2012does,
  title={Does an eye tracker tell the truth about visualizations?: findings while investigating visualizations for decision making},
  author={Kim, Sung-Hee and Dong, Zhihua and Xian, Hanjun and Upatising, Benjavan and Yi, Ji Soo},
  journal={Visualization and Computer Graphics, IEEE Transactions on},
  volume={18},
  number={12},
  pages={2421--2430},
  year={2012},
  publisher={IEEE}
}

@inproceedings{santella2002abstracted,
  title={Abstracted painterly renderings using eye-tracking data},
  author={Santella, Anthony and DeCarlo, Doug},
  booktitle={Proceedings of the 2nd international symposium on Non-photorealistic animation and rendering},
  pages={75--ff},
  year={2002},
  organization={ACM}
}
%10
@article{guo2014perceiving,
  title={Perceiving facial expression from varying face orientations: an eye-tracking study},
  author={Guo, Kun and Shaw, Heather and others},
  year={2014},
  publisher={Pion}
}
%22
@article{mather2006angry,
  title={Angry faces get noticed quickly: Threat detection is not impaired among older adults},
  author={Mather, Mara and Knight, Marisa R},
  journal={The Journals of Gerontology Series B: Psychological Sciences and Social Sciences},
  volume={61},
  number={1},
  pages={P54--P57},
  year={2006},
  publisher={Oxford University Press}
}
%36
@article{shasteen2014eye,
  title={Eye tracking the face in the crowd task: why are angry faces found more quickly?},
  author={Shasteen, Jonathon R and Sasson, Noah J and Pinkham, Amy E},
  journal={PloS one},
  volume={9},
  number={4},
  pages={e93914},
  year={2014},
  publisher={Public Library of Science}
}
%42
@article{wu2012through,
  title={Through the eyes of the own-race bias: Eye-tracking and pupillometry during face recognition},
  author={Wu, Esther Xiu Wen and Laeng, Bruno and Magnussen, Svein},
  journal={Social neuroscience},
  volume={7},
  number={2},
  pages={202--216},
  year={2012},
  publisher={Taylor \& Francis}
}

@article{goldinger2009deficits,
  title={Deficits in cross-race face learning: insights from eye movements and pupillometry.},
  author={Goldinger, Stephen D and He, Yi and Papesh, Megan H},
  journal={Journal of Experimental Psychology: Learning, Memory, and Cognition},
  volume={35},
  number={5},
  pages={1105},
  year={2009},
  publisher={American Psychological Association}
}

@article{shechner2013attention,
  title={ATTENTION BIAS OF ANXIOUS YOUTH DURING EXTENDED EXPOSURE OF EMOTIONAL FACE PAIRS: AN EYE-TRACKING STUDY},
  author={Shechner, Tomer and Jarcho, Johanna M and Britton, Jennifer C and Leibenluft, Ellen and Pine, Daniel S and Nelson, Eric E},
  journal={Depression and anxiety},
  volume={30},
  number={1},
  pages={14--21},
  year={2013},
  publisher={Wiley Online Library}
}
%39
@article{vervoort2013attentional,
  title={Attentional processing of other's facial display of pain: An eye tracking study},
  author={Vervoort, Tine and Trost, Zina and Prkachin, Kenneth M and Mueller, Sven C},
  journal={Pain},
  volume={154},
  number={6},
  pages={836--844},
  year={2013},
  publisher={Elsevier}
}
%11
@article{harrison2014attentional,
  title={Attentional Biases in Currently Depressed Children: An Eye-Tracking Study of Biases in Sustained Attention to Emotional Stimuli},
  author={Harrison, Ashley Johnson and Gibb, Brandon E},
  journal={Journal of Clinical Child \& Adolescent Psychology},
  number={ahead-of-print},
  pages={1--7},
  year={2014},
  publisher={Taylor \& Francis}
}
%17
@article{kim2014investigating,
  title={Investigating graph comprehension in students with dyslexia: An eye tracking study},
  author={Kim, Sunjung and Lombardino, Linda J and Cowles, Wind and Altmann, Lori J},
  journal={Research in developmental disabilities},
  volume={35},
  number={7},
  pages={1609--1622},
  year={2014},
  publisher={Elsevier}
}
%31
@article{rose2013rett,
  title={Rett syndrome: an eye-tracking study of attention and recognition memory},
  author={Rose, Susan A and Djukic, Aleksandra and Jankowski, Jeffery J and Feldman, Judith F and Fishman, Iris and Valicenti-Mcdermott, Maria},
  journal={Developmental Medicine \& Child Neurology},
  volume={55},
  number={4},
  pages={364--371},
  year={2013},
  publisher={Wiley Online Library}
}

@article{mackert2013understanding,
  title={Understanding health literacy measurement through eye tracking},
  author={Mackert, Michael and Champlin, Sara E and Pasch, Keryn E and Weiss, Barry D},
  journal={Journal of health communication},
  volume={18},
  number={sup1},
  pages={185--196},
  year={2013},
  publisher={Taylor \& Francis}
}

@article{werthmann2013attention,
  title={Attention bias for food is independent of restraint in healthy weight individuals—An eye tracking study},
  author={Werthmann, Jessica and Roefs, Anne and Nederkoorn, Chantal and Mogg, Karin and Bradley, Brendan P and Jansen, Anita},
  journal={Eating behaviors},
  volume={14},
  number={3},
  pages={397--400},
  year={2013},
  publisher={Elsevier}
}

@article{bialkova2014attention,
  title={Attention mediates the effect of nutrition label information on consumers’ choice. Evidence from a choice experiment involving eye-tracking},
  author={Bialkova, Svetlana and Grunert, Klaus G and Juhl, Hans J{\o}rn and Wasowicz-Kirylo, Grazyna and Stysko-Kunkowska, Malgorzata and van Trijp, Hans},
  journal={Appetite},
  volume={76},
  pages={66--75},
  year={2014},
  publisher={Elsevier}
}

@article{roth2013location,
  title={Location matters, especially for non-salient features--An eye-tracking study on the effects of web object placement on different types of websites},
  author={Roth, Sandra P and Tuch, Alexandre N and Mekler, Elisa D and Bargas-Avila, Javier A and Opwis, Klaus},
  journal={International journal of human-computer studies},
  volume={71},
  number={3},
  pages={228--235},
  year={2013},
  publisher={Elsevier}
}

@inproceedings{cutrell2007you,
  title={What are you looking for?: an eye-tracking study of information usage in web search},
  author={Cutrell, Edward and Guan, Zhiwei},
  booktitle={Proceedings of the SIGCHI conference on Human factors in computing systems},
  pages={407--416},
  year={2007},
  organization={ACM}
}

@inproceedings{pan2004determinants,
  title={The determinants of web page viewing behavior: an eye-tracking study},
  author={Pan, Bing and Hembrooke, Helene A and Gay, Geri K and Granka, Laura A and Feusner, Matthew K and Newman, Jill K},
  booktitle={Proceedings of the 2004 symposium on Eye tracking research \& applications},
  pages={147--154},
  year={2004},
  organization={ACM}
}
%20
@article{luo2014eyes,
  title={Eyes Never Lie: Eye-Tracking Technology Reveals how Students Study Displays},
  author={Luo, Linlin and Peteranetz, Markeya S and Flanigan, Abraham E and Witte, Amanda L and Kiewra, Kenneth A},
  year={2014}
}
%21
@article{mason2013eye,
  title={An eye-tracking study of learning from science text with concrete and abstract illustrations},
  author={Mason, Lucia and Pluchino, Patrik and Tornatora, Maria Caterina and Ariasi, Nicola},
  journal={The Journal of Experimental Education},
  volume={81},
  number={3},
  pages={356--384},
  year={2013},
  publisher={Taylor \& Francis}
}
%43
@article{zawoyski2014using,
  title={Using Eye Tracking to Observe Differential Effects of Repeated Readings for Second-Grade Students as a Function of Achievement Level},
  author={Zawoyski, Andrea M and Ardoin, Scott P and Binder, Katherine S},
  journal={Reading Research Quarterly},
  year={2014},
  publisher={Wiley Online Library}
}

@article{bostock2011d3,
  title={D$^3$ data-driven documents},
  author={Bostock, Michael and Ogievetsky, Vadim and Heer, Jeffrey},
  journal={Visualization and Computer Graphics, IEEE Transactions on},
  volume={17},
  number={12},
  pages={2301--2309},
  year={2011},
  publisher={IEEE}
}

@article{reas2006processing,
  title={Processing: programming for the media arts},
  author={Reas, Casey and Fry, Ben},
  journal={AI \& SOCIETY},
  volume={20},
  number={4},
  pages={526--538},
  year={2006},
  publisher={Springer}
}

@techreport{johnson1989monitoring,
  title={Monitoring information processing and decisions: The mouselab system},
  author={Johnson, Eric J and Payne, John W and Bettman, James R and Schkade, David A},
  year={1989},
  institution={DTIC Document}
}

@article{payne1976task,
  title={Task complexity and contingent processing in decision making: An information search and protocol analysis},
  author={Payne, John W},
  journal={Organizational behavior and human performance},
  volume={16},
  number={2},
  pages={366--387},
  year={1976},
  publisher={Elsevier}
}

@incollection{blackwell2000restricted,
  title={Restricted focus viewer: a tool for tracking visual attention},
  author={Blackwell, Alan F and Jansen, Anthony R and Marriott, Kim},
  booktitle={Theory and application of diagrams},
  pages={162--177},
  year={2000},
  publisher={Springer}
}

@article{bednarik2007validating,
  title={Validating the restricted focus viewer: A study using eye-movement tracking},
  author={Bednarik, Roman and Tukiainen, Markku},
  journal={Behavior research methods},
  volume={39},
  number={2},
  pages={274--282},
  year={2007},
  publisher={Springer}
}

@article{paolacci2010running,
  title={Running experiments on amazon mechanical turk},
  author={Paolacci, Gabriele and Chandler, Jesse and Ipeirotis, Panagiotis G},
  journal={Judgment and Decision making},
  volume={5},
  number={5},
  pages={411--419},
  year={2010}
}

@inproceedings{heer2010crowdsourcing,
  title={Crowdsourcing graphical perception: using mechanical turk to assess visualization design},
  author={Heer, Jeffrey and Bostock, Michael},
  booktitle={Proceedings of the SIGCHI Conference on Human Factors in Computing Systems},
  pages={203--212},
  year={2010},
  organization={ACM}
}

@inproceedings{john2014collaborative,
  title={Collaborative eye tracking for image analysis},
  author={John, Brendan and Sridharan, Srinivas and Bailey, Reynold},
  booktitle={Proceedings of the Symposium on Eye Tracking Research and Applications},
  pages={239--242},
  year={2014},
  organization={ACM}
}

@article{stokes2008arraywiki,
  title={ArrayWiki: an enabling technology for sharing public microarray data repositories and meta-analyses},
  author={Stokes, Todd H and Torrance, JT and Li, Henry and Wang, May D},
  journal={BMC bioinformatics},
  volume={9},
  number={Suppl 6},
  pages={S18},
  year={2008},
  publisher={BioMed Central Ltd}
}


%34
@inproceedings{santella2004robust,
  title={Robust clustering of eye movement recordings for quantification of visual interest},
  author={Santella, Anthony and DeCarlo, Doug},
  booktitle={Proceedings of the 2004 symposium on Eye tracking research \& applications},
  pages={27--34},
  year={2004},
  organization={ACM}
}
%9
@article{goldberg1999computer,
  title={Computer interface evaluation using eye movements: methods and constructs},
  author={Goldberg, Joseph H and Kotval, Xerxes P},
  journal={International Journal of Industrial Ergonomics},
  volume={24},
  number={6},
  pages={631--645},
  year={1999},
  publisher={Elsevier}
}
%1
@article{andrienko2012visual,
  title={Visual analytics methodology for eye movement studies},
  author={Andrienko, Gennady and Andrienko, Natalia and Burch, Michael and Weiskopf, Daniel},
  journal={Visualization and Computer Graphics, IEEE Transactions on},
  volume={18},
  number={12},
  pages={2889--2898},
  year={2012},
  publisher={IEEE}
}


%7
@article{drusch2014analysing,
  title={Analysing Eye-Tracking Data: From Scanpaths and Heatmaps to the Dynamic Visualisation of Areas of Interest},
  author={Drusch, Gautier and Bastien, JM Christian and Paris, St{\'e}phane},
  journal={Advances in Science, Technology, Higher Education and Society in the Conceptual Age: STHESCA},
  volume={20},
  pages={205},
  year={2014},
  publisher={AHFE Conference}
}

@article{bernhard2014gaze,
  title={Gaze-to-object mapping during visual search in 3d virtual environments},
  author={Bernhard, Matthias and Stavrakis, Efstathios and Hecher, Michael and Wimmer, Michael},
  journal={ACM Transactions on Applied Perception (TAP)},
  volume={11},
  number={3},
  pages={14},
  year={2014},
  publisher={ACM}
}
@inproceedings{salvucci2000interactive,
  title={An interactive model-based environment for eye-movement protocol analysis and visualization},
  author={Salvucci, Dario D},
  booktitle={Proceedings of the 2000 symposium on Eye tracking research \& applications},
  pages={57--63},
  year={2000},
  organization={ACM}
}
@inproceedings{li2012learning,
  title={Learning eye movement patterns for characterization of perceptual expertise},
  author={Li, Rui and Pelz, Jeff and Shi, Pengcheng and Alm, Cecilia Ovesdotter and Haake, Anne R},
  booktitle={Proceedings of the Symposium on Eye Tracking Research and Applications},
  pages={393--396},
  year={2012},
  organization={ACM}
}
@inproceedings{salvucci2000identifying,
  title={Identifying fixations and saccades in eye-tracking protocols},
  author={Salvucci, Dario D and Goldberg, Joseph H},
  booktitle={Proceedings of the 2000 symposium on Eye tracking research \& applications},
  pages={71--78},
  year={2000},
  organization={ACM}
}

@article{thomas2006visual,
  title={A visual analytics agenda},
  author={Thomas, James J and Cook, Kristin A},
  journal={Computer Graphics and Applications, IEEE},
  volume={26},
  number={1},
  pages={10--13},
  year={2006},
  publisher={IEEE}
}
@article{balas2009summary,
  title={A summary-statistic representation in peripheral vision explains visual crowding},
  author={Balas, Benjamin and Nakano, Lisa and Rosenholtz, Ruth},
  journal={Journal of vision},
  volume={9},
  number={12},
  pages={13},
  year={2009},
  publisher={Association for Research in Vision and Ophthalmology}
}
@article{ogolla2011usability,
  title={Usability evaluation: Tasks susceptible to concurrent think-aloud protocol},
  author={Ogolla, Juliana Anyango},
  year={2011}
}
@misc{informationscent2003,
  author = {Jakob Nielsen},
  title = {Information Foraging: Why Google Makes People Leave Your Site Faster},
  howpublished = "\url{http://www.nngroup.com/articles/information-scent/}",
  year = {2003}, 
  note = "[Online; accessed 30-June-2003]"
}