@article{duchowski2002breadth,
  title={A breadth-first survey of eye-tracking applications},
  author={Duchowski, Andrew T},
  journal={Behavior Research Methods, Instruments, \& Computers},
  volume={34},
  number={4},
  pages={455--470},
  year={2002},
  publisher={Springer}
}
@inproceedings{blascheck2014state,
  title={State-of-the-art of visualization for eye tracking data},
  author={Blascheck, T and Kurzhals, K and Raschke, M and Burch, M and Weiskopf, D and Ertl, T},
  booktitle={Proceedings of EuroVis},
  volume={2014},
  year={2014}
}