@article{blascheckstate,
  title={State-of-the-Art of Visualization for Eye Tracking Data},
  author={Blascheck, T and Kurzhals, K and Raschke, M and Burch, M and Weiskopf, D and Ertl, T},
year={2014},
journal={EuroVis2014}
}
@article{alamdata,
  title={Data of Interest (DOI)-Based Analysis of Eye-Tracker Data for Interactive Visualizations},
  author={Alam, Sayeed Safayet and Jianu, Radu},
	year={2014},
	journal={IEEE VIS 2014 poster program}
}
@article{costagliola2009monitoring,
  title={Monitoring online tests through data visualization},
  author={Costagliola, Gennaro and Fuccella, Vittorio and Giordano, Massimiliano and Polese, Giuseppe},
  journal={Knowledge and Data Engineering, IEEE Transactions on},
  volume={21},
  number={6},
  pages={773--784},
  year={2009},
  publisher={IEEE}
}
@inproceedings{plaisant2004challenge,
  title={The challenge of information visualization evaluation},
  author={Plaisant, Catherine},
  booktitle={Proceedings of the working conference on Advanced visual interfaces},
  pages={109--116},
  year={2004},
  organization={ACM}
}
@inproceedings{shneiderman1996eyes,
  title={The eyes have it: A task by data type taxonomy for information visualizations},
  author={Shneiderman, Ben},
  booktitle={Visual Languages, 1996. Proceedings., IEEE Symposium on},
  pages={336--343},
  year={1996},
  organization={IEEE}
}
@inproceedings{lee2006task,
  title={Task taxonomy for graph visualization},
  author={Lee, Bongshin and Plaisant, Catherine and Parr, Cynthia Sims and Fekete, Jean-Daniel and Henry, Nathalie},
  booktitle={Proceedings of the 2006 AVI workshop on BEyond time and errors: novel evaluation methods for information visualization},
  pages={1--5},
  year={2006},
  organization={ACM}
}
@inproceedings{sakaki2010earthquake,
  title={Earthquake shakes Twitter users: real-time event detection by social sensors},
  author={Sakaki, Takeshi and Okazaki, Makoto and Matsuo, Yutaka},
  booktitle={Proceedings of the 19th international conference on World wide web},
  pages={851--860},
  year={2010},
  organization={ACM}
}
@article{sorensen1948method,
  title={$\{$A method of establishing groups of equal amplitude in plant sociology based on similarity of species and its application to analyses of the vegetation on Danish commons$\}$},
  author={S{\o}rensen, Thorvald},
  journal={Biol. Skr.},
  volume={5},
  pages={1--34},
  year={1948}
}

@article{duchowski2002breadth,
  title={A breadth-first survey of eye-tracking applications},
  author={Duchowski, Andrew T},
  journal={Behavior Research Methods, Instruments, \& Computers},
  volume={34},
  number={4},
  pages={455--470},
  year={2002},
  publisher={Springer}
}
@article{dork2012pivotpaths,
  title={PivotPaths: Strolling through Faceted Information Spaces},
  author={Dork, Marian and Henry Riche, Nathalie and Ramos, Gonzalo and Dumais, Susan},
  journal={Visualization and Computer Graphics, IEEE Transactions on},
  volume={18},
  number={12},
  pages={2709--2718},
  year={2012},
  publisher={IEEE}
}