%[Jacob91] Jacob, Robert JK. "The use of eye movements in human-computer interaction techniques: what you look at is what you get." ACM Transactions on Information Systems (TOIS) 9.2 (1991): 152-169.
@article{Jacob91,
  title={The use of eye movements in human-computer interaction techniques: what you look at is what you get},
  author={Jacob, Robert JK},
  journal={ACM Transactions on Information Systems (TOIS)},
  volume={9},
  number={2},
  pages={152--169},
  year={1991},
  publisher={ACM}
}
%[Duch02] Duchowski, Andrew T. "A breadth-first survey of eye-tracking applications." Behavior Research Methods, Instruments, & Computers 34.4 (2002): 455-470.
@article{Duch02,
  title={A breadth-first survey of eye-tracking applications},
  author={Duchowski, Andrew T},
  journal={Behavior Research Methods, Instruments, \& Computers},
  volume={34},
  number={4},
  pages={455--470},
  year={2002},
  publisher={Springer}
}
%[Duch07] Duchowski, Andrew. Eye tracking methodology: Theory and practice. Vol. 373. Springer Science & Business Media, 2007.
@book{Duch07,
  title={Eye tracking methodology: Theory and practice},
  author={Duchowski, Andrew T},
  volume={373},
  year={2007},
  publisher={Springer}
}

%[Bolt90] Bolt, Richard A. "A gaze-responsive self-disclosing display." Proceedings of the SIGCHI conference on Human factors in computing systems. ACM, 1990.
@inproceedings{Bolt90,
  title={A gaze-responsive self-disclosing display},
  author={Bolt, Richard A},
  booktitle={Proceedings of the SIGCHI conference on Human factors in computing systems},
  pages={3--10},
  year={1990},
  organization={ACM}
}
%[Tan00] Tanriverdi, Vildan, and Robert JK Jacob. "Interacting with eye movements in virtual environments." Proceedings of the SIGCHI conference on Human Factors in Computing Systems. ACM, 2000.
@inproceedings{Tan00,
  title={Interacting with eye movements in virtual environments},
  author={Tanriverdi, Vildan and Jacob, Robert JK},
  booktitle={Proceedings of the SIGCHI conference on Human factors in computing systems},
  pages={265--272},
  year={2000},
  organization={ACM}
}
%[Maj02] Majaranta, Päivi, and Kari-Jouko Räihä. "Twenty years of eye typing: systems and design issues." Proceedings of the 2002 symposium on Eye tracking research & applications. ACM, 2002.
@inproceedings{Maj02,
  title={Twenty years of eye typing: systems and design issues},
  author={Majaranta, P{\"a}ivi and R{\"a}ih{\"a}, Kari-Jouko},
  booktitle={Proceedings of the 2002 symposium on Eye tracking research \& applications},
  pages={15--22},
  year={2002},
  organization={ACM}
}
%[Guo14] Guo, Kun, and Heather Shaw. "Perceiving facial expression from varying face orientations: an eye-tracking study." (2014).
@article{Guo14,
  title={Perceiving facial expression from varying face orientations: an eye-tracking study},
  author={Guo, Kun and Shaw, Heather and others},
  year={2014},
  publisher={Pion}
}
%[Sha14] Shasteen, Jonathon R., Noah J. Sasson, and Amy E. Pinkham. "Eye tracking the face in the crowd task: why are angry faces found more quickly?." PloS one 9.4 (2014): e93914.
@article{Sha14,
  title={Eye tracking the face in the crowd task: why are angry faces found more quickly?},
  author={Shasteen, Jonathon R and Sasson, Noah J and Pinkham, Amy E},
  journal={PloS one},
  volume={9},
  number={4},
  pages={e93914},
  year={2014},
  publisher={Public Library of Science}
}
%[Ver13] Vervoort, Tine, et al. "Attentional processing of other’s facial display of pain: an eye tracking study." PAIN® 154.6 (2013): 836-844.
@article{Ver13,
  title={Attentional processing of other's facial display of pain: An eye tracking study},
  author={Vervoort, Tine and Trost, Zina and Prkachin, Kenneth M and Mueller, Sven C},
  journal={Pain},
  volume={154},
  number={6},
  pages={836--844},
  year={2013},
  publisher={Elsevier}
}
%[Kim14] Kim, Sunjung, et al. "Investigating graph comprehension in students with dyslexia: An eye tracking study." Research in developmental disabilities 35.7 (2014): 1609-1622.
@article{Kim14,
  title={Investigating graph comprehension in students with dyslexia: An eye tracking study},
  author={Kim, Sunjung and Lombardino, Linda J and Cowles, Wind and Altmann, Lori J},
  journal={Research in developmental disabilities},
  volume={35},
  number={7},
  pages={1609--1622},
  year={2014},
  publisher={Elsevier}
}
%[Zaw15] Zawoyski, Andrea M., Scott P. Ardoin, and Katherine S. Binder. "Using Eye Tracking to Observe Differential Effects of Repeated Readings for Second-Grade Students as a Function of Achievement Level." Reading Research Quarterly 50.2 (2015): 171-184.
@article{Zaw15,
  title={Using Eye Tracking to Observe Differential Effects of Repeated Readings for Second-Grade Students as a Function of Achievement Level},
  author={Zawoyski, Andrea M and Ardoin, Scott P and Binder, Katherine S},
  journal={Reading Research Quarterly},
  year={2014},
  publisher={Wiley Online Library}
}
%[May10] Mayer, Richard E. "Unique contributions of eye-tracking research to the study of learning with graphics." Learning and instruction 20.2 (2010): 167-171.
@article{May10,
  title={Unique contributions of eye-tracking research to the study of learning with graphics},
  author={Mayer, Richard E},
  journal={Learning and instruction},
  volume={20},
  number={2},
  pages={167--171},
  year={2010},
  publisher={Elsevier}
}
%[vGo10] van Gog, Tamara, and Katharina Scheiter. "Eye tracking as a tool to study and enhance multimedia learning." Learning and Instruction 20.2 (2010): 95-99.
@article{vGo10,
  title={Eye tracking as a tool to study and enhance multimedia learning},
  author={van Gog, Tamara and Scheiter, Katharina},
  journal={Learning and Instruction},
  volume={20},
  number={2},
  pages={95--99},
  year={2010},
  publisher={Elsevier}
}
%[Con13] Conati, Cristina, Vincent Aleven, and Antonija Mitrovic. "?Eye-Tracking for Student Modelling in Intelligent Tutoring Systems." Design Recommendations for Intelligent Tutoring Systems (2013): 227.
@article{Con13,
  title={Eye-Tracking for Student Modelling in Intelligent Tutoring Systems},
  author={Conati, Cristina and Aleven, Vincent and Mitrovic, Antonija},
  journal={Design Recommendations for Intelligent Tutoring Systems},
	 volume={1},
  pages={229},
  year={2013}
}
%[Poh09] Pohl, Mathias, Markus Schmitt, and Stephan Diehl. "Comparing the Readability of Graph Layouts using Eyetracking and Task-oriented Analysis." Computational Aesthetics. 2009.
%[Hua08] Huang, W., Eades, P., & Hong, S. H. (2008, April). Beyond time and error: a cognitive approach to the evaluation of graph drawings. In Proceedings of the 2008 Workshop on BEyond time and errors: novel evaLuation methods for Information Visualization (p. 3). ACM.
%[Hua05] Huang, Weidong, and Peter Eades. "How people read graphs." proceedings of the 2005 Asia-Pacific symposium on Information visualisation-Volume 45. Australian Computer Society, Inc., 2005.
%[Bur11] Burch, Michael, et al. "Evaluation of traditional, orthogonal, and radial tree diagrams by an eye tracking study." Visualization and Computer Graphics, IEEE Transactions on 17.12 (2011): 2440-2448.
%[Bur13] Burch, Michel, et al. "Visual task solution strategies in tree diagrams." Visualization Symposium (PacificVis), 2013 IEEE Pacific. IEEE, 2013.
%[Kim12] Kim, Sung-Hee, et al. "Does an eye tracker tell the truth about visualizations?: findings while investigating visualizations for decision making." Visualization and Computer Graphics, IEEE Transactions on 18.12 (2012): 2421-2430.
%[Bla14] Blascheck, T., et al. "State-of-the-art of visualization for eye tracking data." Proceedings of EuroVis. Vol. 2014. 2014.
%[Pri00] Privitera, Claudio M., and Lawrence W. Stark. "Algorithms for defining visual regions-of-interest: Comparison with eye fixations." Pattern Analysis and Machine Intelligence, IEEE Transactions on 22.9 (2000): 970-982.
%[San04] Santella, Anthony, and Doug DeCarlo. "Robust clustering of eye movement recordings for quantification of visual interest." Proceedings of the 2004 symposium on Eye tracking research & applications. ACM, 2004.
%[Dru14] Drusch, Gautier, J. C. Bastien, and Stéphane Paris. "Analysing eye-tracking data: From scanpaths and heatmaps to the dynamic visualisation of areas of interest." Advances in Science, Technology, Higher Education and Society in the Conceptual Age: STHESCA 20 (2014): 205.
%[Ste10] Stellmach, Sophie, Lennart Nacke, and Raimund Dachselt. "3d attentional maps: aggregated gaze visualizations in three-dimensional virtual environments." Proceedings of the international conference on advanced visual interfaces. ACM, 2010.
%[Kur14] Kurzhals, Kuno, Florian Heimerl, and Daniel Weiskopf. "ISeeCube: Visual analysis of gaze data for video." Proceedings of the Symposium on Eye Tracking Research and Applications. ACM, 2014.
%[Ste13] Steichen, Ben, Giuseppe Carenini, and Cristina Conati. "User-adaptive information visualization: using eye gaze data to infer visualization tasks and user cognitive abilities." Proceedings of the 2013 international conference on Intelligent user interfaces. ACM, 2013.
%[Sun13] Sundstedt, Veronica, et al. "Visual attention and gaze behavior in games: An object-based approach." Game analytics. Springer London, 2013. 543-583.
%[Bern14] Bernhard, Matthias, et al. "Gaze-to-object mapping during visual search in 3d virtual environments." ACM Transactions on Applied Perception (TAP) 11.3 (2014): 14.
%[Okoe14] Okoe, Mershack, Sayeed Safayet Alam, and Radu Jianu. "A Gaze-enabled Graph Visualization to Improve Graph Reading Tasks." Computer Graphics Forum. Vol. 33. No. 3. 2014.
%[Sal00] Salvucci, Dario D., and John R. Anderson. "Intelligent gaze-added interfaces." Proceedings of the SIGCHI conference on Human Factors in Computing Systems. ACM, 2000.
%[Shne96] Shneiderman, Ben. "The eyes have it: A task by data type taxonomy for information visualizations." Visual Languages, 1996. Proceedings., IEEE Symposium on. IEEE, 1996.
%[Ama05] Amar, Robert, James Eagan, and John Stasko. "Low-level components of analytic activity in information visualization." Information Visualization, 2005. INFOVIS 2005. IEEE Symposium on. IEEE, 2005.
%[Bre13] Brehmer, Matthew, and Tamara Munzner. "A multi-level typology of abstract visualization tasks." Visualization and Computer Graphics, IEEE Transactions on 19.12 (2013): 2376-2385.
%[Lee06] Lee, Bongshin, et al. "Task taxonomy for graph visualization." Proceedings of the 2006 AVI workshop on BEyond time and errors: novel evaluation methods for information visualization. ACM, 2006.
%[Sak14] Saket, Bahador, Paolo Simonetto, and Stephen Kobourov. "Group-level graph visualization taxonomy." arXiv preprint arXiv:1403.7421 (2014).
%[Ward02] Ward, Matthew O. "A taxonomy of glyph placement strategies for multidimensional data visualization." Information Visualization 1.3-4 (2002): 194-210.
%[And12] Andrienko, Gennady, et al. "Visual analytics methodology for eye movement studies." Visualization and Computer Graphics, IEEE Transactions on 18.12 (2012): 2889-2898.
%[Wei12] Weibel, Nadir, et al. "Let's look at the cockpit: exploring mobile eye-tracking for observational research on the flight deck." Proceedings of the Symposium on Eye Tracking Research and Applications. ACM, 2012.
%[Bla16] Blascheck, Tanja, et al. "VA 2: A Visual Analytics Approach for//Evaluating Visual Analytics Applications." Visualization and Computer Graphics, IEEE Transactions on 22.1 (2016): 61-70.
%[Yi07] Yi, Ji Soo, et al. "Toward a deeper understanding of the role of interaction in information visualization." Visualization and Computer Graphics, IEEE Transactions on 13.6 (2007): 1224-1231.
%[Ala16] Alam, Sayeed, and Radu Jianu. "Analyzing Eye-Tracking Information in Visualization and Data Space: from Where on the Screen to What on the Screen." (2016).
%[Dor12] Dörk, Marian, et al. "PivotPaths: Strolling through faceted information spaces." IEEE Transactions on Visualization and Computer Graphics 18.12 (2012): 2709-2718.

%[Weh90] Wehrend, Stephen, and Clayton Lewis. "A problem-oriented classification of visualization techniques." Proceedings of the 1st Conference on Visualization'90. IEEE Computer Society Press, 1990.

%[Zha99] Zhai, Shumin, Carlos Morimoto, and Steven Ihde. "Manual and gaze input cascaded (MAGIC) pointing." Proceedings of the SIGCHI conference on Human Factors in Computing Systems. ACM, 1999.
%[Jacob03] Jacob, R. J., and Keith S. Karn. "Eye tracking in human-computer interaction and usability research: Ready to deliver the promises." Mind 2.3 (2003): 4.
%[Rein03] Reingold, Eyal M., et al. "Gaze-contingent multiresolutional displays: An integrative review." Human Factors: The Journal of the Human Factors and Ergonomics Society 45.2 (2003): 307-328.
%[PN02] Parkhurst, Derrick J., and Ernst Niebur. "Variable-resolution displays: A theoretical, practical, and behavioral evaluation." Human Factors: The Journal of the Human Factors and Ergonomics Society 44.4 (2002): 611-629.
%[Dan00] Danforth, Robert, et al. "A platform for gaze-contingent virtual environments." Smart Graphics (Papers from the 2000 AAAI Spring Symposium, Technical Report SS-00-04). 2000.
%[OD01] O'Sullivan, Carol, and John Dingliana. "Collisions and perception." ACM Transactions on Graphics (TOG) 20.3 (2001): 151-168.
%[ODH02] O’Sullivan, C., J. Dingliana, and S. Howlett. "Gaze-contingent algorithms for interactive graphics." The Mind’s Eyes: Cognitive and Applied Aspects of Eye Movement Research, J. Hyönä, R. Radach, and H. Deubel, Eds. Elsevier Science, Oxford (2002).
%[Roth13] Roth, Robert E. "An empirically-derived taxonomy of interaction primitives for interactive cartography and geovisualization." IEEE transactions on visualization and computer graphics 19.12 (2013): 2356-2365.
%[And03] Andrienko, Natalia, Gennady Andrienko, and Peter Gatalsky. "Exploratory spatio-temporal visualization: an analytical review." Journal of Visual Languages & Computing 14.6 (2003): 503-541.
%[Sch13] Schulz, Hans-Jörg, et al. "A design space of visualization tasks." IEEE Transactions on Visualization and Computer Graphics 19.12 (2013): 2366-2375.
%[Rind15] Rind, Alexander, et al. "Task Cube: A three-dimensional conceptual space of user tasks in visualization design and evaluation." Information Visualization (2015): 1473871615621602.
%[Okoe15] Okoe, Mershack, and Radu Jianu. "Graphunit: Evaluating interactive graph visualizations using crowdsourcing." Computer Graphics Forum. Vol. 34. No. 3. 2015.
%[Jianu14] Jianu, Radu, et al. "How to display group information on node-link diagrams: an evaluation." IEEE Transactions on visualization and computer graphics 20.11 (2014): 1530-1541.
%[Gho04] Ghoniem, Mohammad, J-D. Fekete, and Philippe Castagliola. "A comparison of the readability of graphs using node-link and matrix-based representations." Information Visualization,  2004. INFOVIS 2004. IEEE Symposium on. Ieee, 2004.
%[Cooke05] Cooke, Lynne, and Elisabeth Cuddihy. "Using eye tracking to address limitations in think-aloud protocol." IPCC 2005. Proceedings. International Professional Communication Conference, 2005.. IEEE, 2005.
%[Jaa10] Jääskeläinen, Riitta. "Think-aloud protocol." Handbook of translation studies 1 (2010): 371-374.
%[Krings01] Krings, Hans P., and Geoffrey S. Koby. Repairing texts: empirical investigations of machine translation post-editing processes. Vol. 5. Kent State University Press, 2001.
%[Yi07] Yi, Ji Soo, et al. "Toward a deeper understanding of the role of interaction in information visualization." IEEE transactions on visualization and computer graphics 13.6 (2007): 1224-1231.
%[SR08] Špakov, Oleg, and Kari-Jouko Räihä. "KiEV: A tool for visualization of reading and writing processes in translation of text." Proceedings of the 2008 symposium on Eye tracking research & applications. ACM, 2008.
%[Bey05] Beymer, David, and Daniel M. Russell. "WebGazeAnalyzer: a system for capturing and analyzing web reading behavior using eye gaze." CHI'05 extended abstracts on Human factors in computing systems. ACM, 2005.
%[Coco09] Coco, Moreno I. "The statistical challenge of scan-path analysis." 2009 2nd Conference on Human System Interactions. IEEE, 2009.
%[Kim12] Kim, Sung-Hee, et al. "Does an eye tracker tell the truth about visualizations?: findings while investigating visualizations for decision making." IEEE transactions on visualization and computer graphics 18.12 (2012): 2421-2430.
%[Coletkin09] Çöltekin, Arzu, et al. "Evaluating the effectiveness of interactive map interface designs: a case study integrating usability metrics with eye-movement analysis." Cartography and Geographic Information Science 36.1 (2009): 5-17.
%[fusionUsage] "FusionCharts Usage Statistics." BuiltWith. N.p., n.d. Web. <http://trends.builtwith.com/widgets/FusionCharts>.
%[D3Usage] "D3 JS Usage Statistics Usage Statistics." BuiltWith. N.p., n.d. Web. <http://trends.builtwith.com/javascript/D3-JS>.