%vita
%[Ala16] Alam, Sayeed, and Radu Jianu. "Analyzing Eye-Tracking Information in Visualization and Data Space: from Where on the Screen to What on the Screen." (2016).
@ARTICLE{Ala16, 
author={S. Alam and R. Jianu}, 
journal={IEEE Transactions on Visualization and Computer Graphics}, 
title={Analyzing Eye-Tracking Information in Visualization and Data Space: from Where on the Screen to What on the Screen}, 
year={2016}, 
volume={PP}, 
number={99}, 
pages={1-1}, 
keywords={Computers;Data visualization;Instruments;Layout;Real-time systems;Rendering (computer graphics);Visualization}, 
doi={10.1109/TVCG.2016.2535340}, 
ISSN={1077-2626}, 
month={},}

@ARTICLE{AJ17, 
author={R. Jianu and S. S. Alam}, 
journal={IEEE Transactions on Visualization and Computer Graphics}, 
title={A Data Model and Task Space for Data of Interest (DOI) Eye-Tracking Analyses}, 
year={2017}, 
volume={PP}, 
number={99}, 
pages={1-1}, 
keywords={Context;Data models;Data visualization;Semantics;Taxonomy;Three-dimensional displays;Visualization;Eye-tracking;Taxonomies;Visual Analysis Models}, 
doi={10.1109/TVCG.2017.2665498}, 
ISSN={1077-2626}, 
month={},}

@article{alam2015they,
  title={What Are They Doing?: Real-time Analysis of Eye-Tracking Data},
  author={Alam, Sayeed Safayet and Jianu, Radu},
  journal={IEEE VIS 2015 poster program},
  year={2014}
}

@article{alam2014data,
  title={Data of Interest (DOI)-Based Analysis of Eye-Tracker Data for Interactive Visualizations},
  author={Alam, Sayeed Safayet and Jianu, Radu},
  journal={IEEE VIS 2014 poster program},
  year={2014}
}
%[Okoe14] Okoe, Mershack, Sayeed Safayet Alam, and Radu Jianu. "A Gaze-enabled Graph Visualization to Improve Graph Reading Tasks." Computer Graphics Forum. Vol. 33. No. 3. 2014.
@inproceedings{Okoe14,
  title={A Gaze-enabled Graph Visualization to Improve Graph Reading Tasks},
  author={Okoe, Mershack and Alam, Sayeed Safayet and Jianu, Radu},
  booktitle={Computer Graphics Forum},
  volume={33},
  number={3},
  pages={251--260},
  year={2014},
  organization={Wiley Online Library}
}
@article{okoe2013using,
  title={Using eye-tracking as interactive input enhances graph visualization},
  author={Okoe, Mershack and Alam, Sayeed Safayet and Jianu, Radu},
  journal={IEEE Vis Poster Track},
  volume={2},
  pages={8},
  year={2013}
}
%Javal, Emile. "Essai sur la physiologie de la lecture." Annales d'Ocilistique 80 (1878): 61-73.
@article{javal1878essai,
  title={Essai sur la physiologie de la lecture},
  author={Javal, Emile},
  journal={Annales d'Ocilistique},
  volume={80},
  pages={61--73},
  year={1878}
}
%Lamare, M. "Des mouvements des yeux pendant la lecture." Comptes rendus de la Société française d’Ophthalmologie (1893): 35-64.
@article{lamare1893mouvements,
  title={Des mouvements des yeux pendant la lecture},
  author={Lamare, M},
  journal={Comptes rendus de la Soci{\'e}t{\'e} fran{\c{c}}aise d’Ophthalmologie},
  pages={35--64},
  year={1893}
}
%Hering, Ewald. "Der raumsinn und die bewegungen des auges." Handbuch der Physiologie 3.Part 1 (1879): 343-601.
@article{hering1879raumsinn,
  title={Der raumsinn und die bewegungen des auges},
  author={Hering, Ewald},
  journal={Handbuch der Physiologie},
  volume={3},
  number={Part 1},
  pages={343--601},
  year={1879},
  publisher={FCW Vogel Leipzig}
}
%Huey, Edmund Burke. The psychology and pedagogy of reading. The Macmillan Company, 1908.
@book{huey1908psychology,
  title={The psychology and pedagogy of reading},
  author={Huey, Edmund Burke},
  year={1908},
  publisher={The Macmillan Company}
}
%Judd, Charles Hubbard, and Guy Thomas Buswell. Silent reading: A study of the various types. No. 23. University of Chicago, 1922.
@book{judd1922silent,
  title={Silent reading: A study of the various types},
  author={Judd, Charles Hubbard and Buswell, Guy Thomas},
  number={23},
  year={1922},
  publisher={University of Chicago}
}
%Yarbus, Alfred L. Eye movements during perception of complex objects. Springer US, 1967.
@book{yarbus1967eye,
  title={Eye movements during perception of complex objects},
  author={Yarbus, Alfred L},
  year={1967},
  publisher={Springer}
}
%[Jacob91] Jacob, Robert JK. "The use of eye movements in human-computer interaction techniques: what you look at is what you get." ACM Transactions on Information Systems (TOIS) 9.2 (1991): 152-169.
@article{Jacob91,
  title={The use of eye movements in human-computer interaction techniques: what you look at is what you get},
  author={Jacob, Robert JK},
  journal={ACM Transactions on Information Systems (TOIS)},
  volume={9},
  number={2},
  pages={152--169},
  year={1991},
  publisher={ACM}
}
%[Duch02] Duchowski, Andrew T. "A breadth-first survey of eye-tracking applications." Behavior Research Methods, Instruments, & Computers 34.4 (2002): 455-470.
@article{Duch02,
  title={A breadth-first survey of eye-tracking applications},
  author={Duchowski, Andrew T},
  journal={Behavior Research Methods, Instruments, \& Computers},
  volume={34},
  number={4},
  pages={455--470},
  year={2002},
  publisher={Springer}
}
%[Duch07] Duchowski, Andrew. Eye tracking methodology: Theory and practice. Vol. 373. Springer Science & Business Media, 2007.
@book{Duch07,
  title={Eye tracking methodology: Theory and practice},
  author={Duchowski, Andrew T},
  volume={373},
  year={2007},
  publisher={Springer}
}

%[Bolt90] Bolt, Richard A. "A gaze-responsive self-disclosing display." Proceedings of the SIGCHI conference on Human factors in computing systems. ACM, 1990.
@inproceedings{Bolt90,
  title={A gaze-responsive self-disclosing display},
  author={Bolt, Richard A},
  booktitle={Proceedings of the SIGCHI conference on Human factors in computing systems},
  pages={3--10},
  year={1990},
  organization={ACM}
}
%[Tan00] Tanriverdi, Vildan, and Robert JK Jacob. "Interacting with eye movements in virtual environments." Proceedings of the SIGCHI conference on Human Factors in Computing Systems. ACM, 2000.
@inproceedings{Tan00,
  title={Interacting with eye movements in virtual environments},
  author={Tanriverdi, Vildan and Jacob, Robert JK},
  booktitle={Proceedings of the SIGCHI conference on Human factors in computing systems},
  pages={265--272},
  year={2000},
  organization={ACM}
}
%[Maj02] Majaranta, P?ivi, and Kari-Jouko R?ih?. "Twenty years of eye typing: systems and design issues." Proceedings of the 2002 symposium on Eye tracking research & applications. ACM, 2002.
@inproceedings{Maj02,
  title={Twenty years of eye typing: systems and design issues},
  author={Majaranta, P{\"a}ivi and R{\"a}ih{\"a}, Kari-Jouko},
  booktitle={Proceedings of the 2002 symposium on Eye tracking research \& applications},
  pages={15--22},
  year={2002},
  organization={ACM}
}
%Sibert, Linda E., and Robert JK Jacob. "Evaluation of eye gaze interaction." Proceedings of the SIGCHI conference on Human Factors in Computing Systems. ACM, 2000.
@inproceedings{sibert2000evaluation,
  title={Evaluation of eye gaze interaction},
  author={Sibert, Linda E and Jacob, Robert JK},
  booktitle={Proceedings of the SIGCHI conference on Human Factors in Computing Systems},
  pages={281--288},
  year={2000},
  organization={ACM}
}
%[Guo14] Guo, Kun, and Heather Shaw. "Perceiving facial expression from varying face orientations: an eye-tracking study." (2014).
@article{Guo14,
  title={Perceiving facial expression from varying face orientations: an eye-tracking study},
  author={Guo, Kun and Shaw, Heather and others},
  year={2014},
  publisher={Pion}
}
%[Sha14] Shasteen, Jonathon R., Noah J. Sasson, and Amy E. Pinkham. "Eye tracking the face in the crowd task: why are angry faces found more quickly?." PloS one 9.4 (2014): e93914.
@article{Sha14,
  title={Eye tracking the face in the crowd task: why are angry faces found more quickly?},
  author={Shasteen, Jonathon R and Sasson, Noah J and Pinkham, Amy E},
  journal={PloS one},
  volume={9},
  number={4},
  pages={e93914},
  year={2014},
  publisher={Public Library of Science}
}
%[Ver13] Vervoort, Tine, et al. "Attentional processing of other?s facial display of pain: an eye tracking study." PAIN? 154.6 (2013): 836-844.
@article{Ver13,
  title={Attentional processing of other's facial display of pain: An eye tracking study},
  author={Vervoort, Tine and Trost, Zina and Prkachin, Kenneth M and Mueller, Sven C},
  journal={Pain},
  volume={154},
  number={6},
  pages={836--844},
  year={2013},
  publisher={Elsevier}
}
%[Kim14] Kim, Sunjung, et al. "Investigating graph comprehension in students with dyslexia: An eye tracking study." Research in developmental disabilities 35.7 (2014): 1609-1622.
@article{Kim14,
  title={Investigating graph comprehension in students with dyslexia: An eye tracking study},
  author={Kim, Sunjung and Lombardino, Linda J and Cowles, Wind and Altmann, Lori J},
  journal={Research in developmental disabilities},
  volume={35},
  number={7},
  pages={1609--1622},
  year={2014},
  publisher={Elsevier}
}
%[Zaw15] Zawoyski, Andrea M., Scott P. Ardoin, and Katherine S. Binder. "Using Eye Tracking to Observe Differential Effects of Repeated Readings for Second-Grade Students as a Function of Achievement Level." Reading Research Quarterly 50.2 (2015): 171-184.
@article{Zaw15,
  title={Using Eye Tracking to Observe Differential Effects of Repeated Readings for Second-Grade Students as a Function of Achievement Level},
  author={Zawoyski, Andrea M and Ardoin, Scott P and Binder, Katherine S},
  journal={Reading Research Quarterly},
  year={2014},
  publisher={Wiley Online Library}
}
%[May10] Mayer, Richard E. "Unique contributions of eye-tracking research to the study of learning with graphics." Learning and instruction 20.2 (2010): 167-171.
@article{May10,
  title={Unique contributions of eye-tracking research to the study of learning with graphics},
  author={Mayer, Richard E},
  journal={Learning and instruction},
  volume={20},
  number={2},
  pages={167--171},
  year={2010},
  publisher={Elsevier}
}
%[vGo10] van Gog, Tamara, and Katharina Scheiter. "Eye tracking as a tool to study and enhance multimedia learning." Learning and Instruction 20.2 (2010): 95-99.
@article{vGo10,
  title={Eye tracking as a tool to study and enhance multimedia learning},
  author={van Gog, Tamara and Scheiter, Katharina},
  journal={Learning and Instruction},
  volume={20},
  number={2},
  pages={95--99},
  year={2010},
  publisher={Elsevier}
}
%[Con13] Conati, Cristina, Vincent Aleven, and Antonija Mitrovic. "?Eye-Tracking for Student Modelling in Intelligent Tutoring Systems." Design Recommendations for Intelligent Tutoring Systems (2013): 227.
@article{Con13,
  title={Eye-Tracking for Student Modelling in Intelligent Tutoring Systems},
  author={Conati, Cristina and Aleven, Vincent and Mitrovic, Antonija},
  journal={Design Recommendations for Intelligent Tutoring Systems},
	 volume={1},
  pages={229},
  year={2013}
}
%[Poh09] Pohl, Mathias, Markus Schmitt, and Stephan Diehl. "Comparing the Readability of Graph Layouts using Eyetracking and Task-oriented Analysis." Computational Aesthetics. 2009.
@inproceedings{Poh09,
  title={Comparing the readability of graph layouts using eyetracking and task-oriented analysis},
  author={Pohl, Mathias and Schmitt, Markus and Diehl, Stephan},
  booktitle={Proceedings of the Fifth Eurographics conference on Computational Aesthetics in Graphics, Visualization and Imaging},
  pages={49--56},
  year={2009},
  organization={Eurographics Association}
}
%[Hua08] Huang, W., Eades, P., & Hong, S. H. (2008, April). Beyond time and error: a cognitive approach to the evaluation of graph drawings. In Proceedings of the 2008 Workshop on BEyond time and errors: novel evaLuation methods for Information Visualization (p. 3). ACM.
@inproceedings{Hua08,
  title={Beyond time and error: a cognitive approach to the evaluation of graph drawings},
  author={Huang, Weidong and Eades, Peter and Hong, Seok-Hee},
  booktitle={Proceedings of the 2008 Workshop on BEyond time and errors: novel evaLuation methods for Information Visualization},
  pages={3},
  year={2008},
  organization={ACM}
}
%[Hua05] Huang, Weidong, and Peter Eades. "How people read graphs." proceedings of the 2005 Asia-Pacific symposium on Information visualisation-Volume 45. Australian Computer Society, Inc., 2005.
@inproceedings{Hua05,
  title={How people read graphs},
  author={Huang, Weidong and Eades, Peter},
  booktitle={proceedings of the 2005 Asia-Pacific symposium on Information visualisation-Volume 45},
  pages={51--58},
  year={2005},
  organization={Australian Computer Society, Inc.}
}
%[Bur11] Burch, Michael, et al. "Evaluation of traditional, orthogonal, and radial tree diagrams by an eye tracking study." Visualization and Computer Graphics, IEEE Transactions on 17.12 (2011): 2440-2448.
@article{Bur11,
  title={Evaluation of traditional, orthogonal, and radial tree diagrams by an eye tracking study},
  author={Burch, Michael and Konevtsova, Natalia and Heinrich, Julian and Hoeferlin, Markus and Weiskopf, Daniel},
  journal={Visualization and Computer Graphics, IEEE Transactions on},
  volume={17},
  number={12},
  pages={2440--2448},
  year={2011},
  publisher={IEEE}
}
%[Bur13] Burch, Michel, et al. "Visual task solution strategies in tree diagrams." Visualization Symposium (PacificVis), 2013 IEEE Pacific. IEEE, 2013.
@inproceedings{Bur13,
  title={Visual task solution strategies in tree diagrams},
  author={Burch, Michael and Andrienko, Gennady and Andrienko, Natalia and Hoferlin, Markus and Raschke, Michael and Weiskopf, Daniel},
  booktitle={Visualization Symposium (PacificVis), 2013 IEEE Pacific},
  pages={169--176},
  year={2013},
  organization={IEEE}
}

%[Kim12] Kim, Sung-Hee, et al. "Does an eye tracker tell the truth about visualizations?: findings while investigating visualizations for decision making." Visualization and Computer Graphics, IEEE Transactions on 18.12 (2012): 2421-2430.
@article{Kim12,
  title={Does an eye tracker tell the truth about visualizations?: findings while investigating visualizations for decision making},
  author={Kim, Sung-Hee and Dong, Zhihua and Xian, Hanjun and Upatising, Benjavan and Yi, Ji Soo},
  journal={Visualization and Computer Graphics, IEEE Transactions on},
  volume={18},
  number={12},
  pages={2421--2430},
  year={2012},
  publisher={IEEE}
}
%[Bla14] Blascheck, T., et al. "State-of-the-art of visualization for eye tracking data." Proceedings of EuroVis. Vol. 2014. 2014.
@article{Bla14,
  title={State-of-the-Art of Visualization for Eye Tracking Data},
  author={Blascheck, T and Kurzhals, K and Raschke, M and Burch, M and Weiskopf, D and Ertl, T},
year={2014},
journal={EuroVis2014}
}
%[Bey05] Beymer, David, and Daniel M. Russell. "WebGazeAnalyzer: a system for capturing and analyzing web reading behavior using eye gaze." CHI'05 extended abstracts on Human factors in computing systems. ACM, 2005.
@inproceedings{Bey05,
  title={WebGazeAnalyzer: a system for capturing and analyzing web reading behavior using eye gaze},
  author={Beymer, David and Russell, Daniel M},
  booktitle={CHI'05 extended abstracts on Human factors in computing systems},
  pages={1913--1916},
  year={2005},
  organization={ACM}
}
%[SR08] ?pakov, Oleg, and Kari-Jouko R?ih?. "KiEV: A tool for visualization of reading and writing processes in translation of text." Proceedings of the 2008 symposium on Eye tracking research & applications. ACM, 2008.
@inproceedings{SR08,
  title={KiEV: A tool for visualization of reading and writing processes in translation of text},
  author={{\v{S}}pakov, Oleg and R{\"a}ih{\"a}, Kari-Jouko},
  booktitle={Proceedings of the 2008 symposium on Eye tracking research \& applications},
  pages={107--110},
  year={2008},
  organization={ACM}
}

%[Coco09] Coco, Moreno I. "The statistical challenge of scan-path analysis." 2009 2nd Conference on Human System Interactions. IEEE, 2009.
@inproceedings{Coco09,
  title={The statistical challenge of scan-path analysis},
  author={Coco, Moreno I},
  booktitle={2009 2nd Conference on Human System Interactions},
  pages={372--375},
  year={2009},
  organization={IEEE}
}
%[Coletkin09] ??ltekin, Arzu, et al. "Evaluating the effectiveness of interactive map interface designs: a case study integrating usability metrics with eye-movement analysis." Cartography and Geographic Information Science 36.1 (2009): 5-17.
@article{Coletkin09,
  title={Evaluating the effectiveness of interactive map interface designs: a case study integrating usability metrics with eye-movement analysis},
  author={{\c{C}}{\"o}ltekin, Arzu and Heil, Benedikt and Garlandini, Simone and Fabrikant, Sara Irina},
  journal={Cartography and Geographic Information Science},
  volume={36},
  number={1},
  pages={5--17},
  year={2009},
  publisher={Taylor \& Francis}
}
%[Pri00] Privitera, Claudio M., and Lawrence W. Stark. "Algorithms for defining visual regions-of-interest: Comparison with eye fixations." Pattern Analysis and Machine Intelligence, IEEE Transactions on 22.9 (2000): 970-982.
@article{Pri00,
  title={Algorithms for defining visual regions-of-interest: Comparison with eye fixations},
  author={Privitera, Claudio M. and Stark, Lawrence W},
  journal={Pattern Analysis and Machine Intelligence, IEEE Transactions on},
  volume={22},
  number={9},
  pages={970--982},
  year={2000},
  publisher={IEEE}
}
%[San04] Santella, Anthony, and Doug DeCarlo. "Robust clustering of eye movement recordings for quantification of visual interest." Proceedings of the 2004 symposium on Eye tracking research & applications. ACM, 2004.
@inproceedings{San04,
  title={Robust clustering of eye movement recordings for quantification of visual interest},
  author={Santella, Anthony and DeCarlo, Doug},
  booktitle={Proceedings of the 2004 symposium on Eye tracking research \& applications},
  pages={27--34},
  year={2004},
  organization={ACM}
}
%[Dru14] Drusch, Gautier, J. C. Bastien, and St?phane Paris. "Analysing eye-tracking data: From scanpaths and heatmaps to the dynamic visualisation of areas of interest." Advances in Science, Technology, Higher Education and Society in the Conceptual Age: STHESCA 20 (2014): 205.
@article{Dru14,
  title={Analysing Eye-Tracking Data: From Scanpaths and Heatmaps to the Dynamic Visualisation of Areas of Interest},
  author={Drusch, Gautier and Bastien, JM Christian and Paris, St{\'e}phane},
  journal={Advances in Science, Technology, Higher Education and Society in the Conceptual Age: STHESCA},
  volume={20},
  pages={205},
  year={2014},
  publisher={AHFE Conference}
}
%[Ste10] Stellmach, Sophie, Lennart Nacke, and Raimund Dachselt. "3d attentional maps: aggregated gaze visualizations in three-dimensional virtual environments." Proceedings of the international conference on advanced visual interfaces. ACM, 2010.
@inproceedings{Ste10,
  title={3d attentional maps: aggregated gaze visualizations in three-dimensional virtual environments},
  author={Stellmach, Sophie and Nacke, Lennart and Dachselt, Raimund},
  booktitle={Proceedings of the international conference on advanced visual interfaces},
  pages={345--348},
  year={2010},
  organization={ACM}
}
%[Kur14] Kurzhals, Kuno, Florian Heimerl, and Daniel Weiskopf. "ISeeCube: Visual analysis of gaze data for video." Proceedings of the Symposium on Eye Tracking Research and Applications. ACM, 2014.
@inproceedings{Kur14,
  title={ISeeCube: visual analysis of gaze data for video},
  author={Kurzhals, Kuno and Heimerl, Florian and Weiskopf, Daniel},
  booktitle={Proceedings of the Symposium on Eye Tracking Research and Applications},
  pages={351--358},
  year={2014},
  organization={ACM}
}
%[Ste13] Steichen, Ben, Giuseppe Carenini, and Cristina Conati. "User-adaptive information visualization: using eye gaze data to infer visualization tasks and user cognitive abilities." Proceedings of the 2013 international conference on Intelligent user interfaces. ACM, 2013.
@inproceedings{Ste13,
  title={User-adaptive information visualization: using eye gaze data to infer visualization tasks and user cognitive abilities},
  author={Steichen, Ben and Carenini, Giuseppe and Conati, Cristina},
  booktitle={Proceedings of the 2013 international conference on Intelligent user interfaces},
  pages={317--328},
  year={2013},
  organization={ACM}
}
%[Sun13] Sundstedt, Veronica, et al. "Visual attention and gaze behavior in games: An object-based approach." Game analytics. Springer London, 2013. 543-583.
@incollection{Sun13,
  title={Visual attention and gaze behavior in games: An object-based approach},
  author={Sundstedt, Veronica and Bernhard, Matthias and Stavrakis, Efstathios and Reinhard, Erik and Wimmer, Michael},
  booktitle={Game analytics},
  pages={543--583},
  year={2013},
  publisher={Springer}
}
%[Bern14] Bernhard, Matthias, et al. "Gaze-to-object mapping during visual search in 3d virtual environments." ACM Transactions on Applied Perception (TAP) 11.3 (2014): 14.
@article{Bern14,
  title={Gaze-to-object mapping during visual search in 3d virtual environments},
  author={Bernhard, Matthias and Stavrakis, Efstathios and Hecher, Michael and Wimmer, Michael},
  journal={ACM Transactions on Applied Perception (TAP)},
  volume={11},
  number={3},
  pages={14},
  year={2014},
  publisher={ACM}
}

%[Sal00] Salvucci, Dario D., and John R. Anderson. "Intelligent gaze-added interfaces." Proceedings of the SIGCHI conference on Human Factors in Computing Systems. ACM, 2000.
@inproceedings{Sal00,
  title={Intelligent gaze-added interfaces},
  author={Salvucci, Dario D and Anderson, John R},
  booktitle={Proceedings of the SIGCHI conference on Human Factors in Computing Systems},
  pages={273--280},
  year={2000},
  organization={ACM}
}
%[And12] Andrienko, Gennady, et al. "Visual analytics methodology for eye movement studies." Visualization and Computer Graphics, IEEE Transactions on 18.12 (2012): 2889-2898.
@article{And12,
  title={Visual analytics methodology for eye movement studies},
  author={Andrienko, Gennady and Andrienko, Natalia and Burch, Michael and Weiskopf, Daniel},
  journal={Visualization and Computer Graphics, IEEE Transactions on},
  volume={18},
  number={12},
  pages={2889--2898},
  year={2012},
  publisher={IEEE}
}
%[Wei12] Weibel, Nadir, et al. "Let's look at the cockpit: exploring mobile eye-tracking for observational research on the flight deck." Proceedings of the Symposium on Eye Tracking Research and Applications. ACM, 2012.
@inproceedings{Wei12,
  title={Let's look at the cockpit: exploring mobile eye-tracking for observational research on the flight deck},
  author={Weibel, Nadir and Fouse, Adam and Emmenegger, Colleen and Kimmich, Sara and Hutchins, Edwin},
  booktitle={Proceedings of the Symposium on Eye Tracking Research and Applications},
  pages={107--114},
  year={2012},
  organization={ACM}
}
%[Bla16] Blascheck, Tanja, et al. "VA 2: A Visual Analytics Approach for//Evaluating Visual Analytics Applications." Visualization and Computer Graphics, IEEE Transactions on 22.1 (2016): 61-70.
@article{Bla16,
  title={VA 2: A Visual Analytics Approach for Evaluating Visual Analytics Applications},
  author={Blascheck, Tanja and John, Markus and Kurzhals, Kuno and Koch, Steffen and Ertl, Thomas},
  journal={IEEE transactions on visualization and computer graphics},
  volume={22},
  number={1},
  pages={61--70},
  year={2016},
  publisher={IEEE}
}
%[Weh90] Wehrend, Stephen, and Clayton Lewis. "A problem-oriented classification of visualization techniques." Proceedings of the 1st Conference on Visualization'90. IEEE Computer Society Press, 1990.
@inproceedings{Weh90,
  title={A problem-oriented classification of visualization techniques},
  author={Wehrend, Stephen and Lewis, Clayton},
  booktitle={Proceedings of the 1st Conference on Visualization'90},
  pages={139--143},
  year={1990},
  organization={IEEE Computer Society Press}
}
%[Shne96] Shneiderman, Ben. "The eyes have it: A task by data type taxonomy for information visualizations." Visual Languages, 1996. Proceedings., IEEE Symposium on. IEEE, 1996.
@inproceedings{Shne96,
  title={The eyes have it: A task by data type taxonomy for information visualizations},
  author={Shneiderman, Ben},
  booktitle={Visual Languages, 1996. Proceedings., IEEE Symposium on},
  pages={336--343},
  year={1996},
  organization={IEEE}
}
%[Ama05] Amar, Robert, James Eagan, and John Stasko. "Low-level components of analytic activity in information visualization." Information Visualization, 2005. INFOVIS 2005. IEEE Symposium on. IEEE, 2005.
@inproceedings{Ama05,
  title={Low-level components of analytic activity in information visualization},
  author={Amar, Robert and Eagan, James and Stasko, John},
  booktitle={IEEE Symposium on Information Visualization, 2005. INFOVIS 2005.},
  pages={111--117},
  year={2005},
  organization={IEEE}
}
%[Bre13] Brehmer, Matthew, and Tamara Munzner. "A multi-level typology of abstract visualization tasks." Visualization and Computer Graphics, IEEE Transactions on 19.12 (2013): 2376-2385.
@article{Bre13,
  title={A multi-level typology of abstract visualization tasks},
  author={Brehmer, Matthew and Munzner, Tamara},
  journal={IEEE Transactions on Visualization and Computer Graphics},
  volume={19},
  number={12},
  pages={2376--2385},
  year={2013},
  publisher={IEEE}
}
%[Rind15] Rind, Alexander, et al. "Task Cube: A three-dimensional conceptual space of user tasks in visualization design and evaluation." Information Visualization (2015): 1473871615621602.
@article{Rind15,
  title={Task Cube: A three-dimensional conceptual space of user tasks in visualization design and evaluation},
  author={Rind, Alexander and Aigner, Wolfgang and Wagner, Markus and Miksch, Silvia and Lammarsch, Tim},
  journal={Information Visualization},
  pages={1473871615621602},
  year={2015},
  publisher={SAGE Publications}
}
%[Sch13] Schulz, Hans-J?rg, et al. "A design space of visualization tasks." IEEE Transactions on Visualization and Computer Graphics 19.12 (2013): 2366-2375.
@article{Sch13,
  title={A design space of visualization tasks},
  author={Schulz, Hans-J{\"o}rg and Nocke, Thomas and Heitzler, Magnus and Schumann, Heidrun},
  journal={IEEE Transactions on Visualization and Computer Graphics},
  volume={19},
  number={12},
  pages={2366--2375},
  year={2013},
  publisher={IEEE}
}
%[Lee06] Lee, Bongshin, et al. "Task taxonomy for graph visualization." Proceedings of the 2006 AVI workshop on BEyond time and errors: novel evaluation methods for information visualization. ACM, 2006.
@inproceedings{Lee06,
  title={Task taxonomy for graph visualization},
  author={Lee, Bongshin and Plaisant, Catherine and Parr, Cynthia Sims and Fekete, Jean-Daniel and Henry, Nathalie},
  booktitle={Proceedings of the 2006 AVI workshop on BEyond time and errors: novel evaluation methods for information visualization},
  pages={1--5},
  year={2006},
  organization={ACM}
}
%[Sak14] Saket, Bahador, Paolo Simonetto, and Stephen Kobourov. "Group-level graph visualization taxonomy." arXiv preprint arXiv:1403.7421 (2014).
@article{Sak14,
  title={Group-level graph visualization taxonomy},
  author={Saket, Bahador and Simonetto, Paolo and Kobourov, Stephen},
  journal={arXiv preprint arXiv:1403.7421},
  year={2014}
}
%[Ward02] Ward, Matthew O. "A taxonomy of glyph placement strategies for multidimensional data visualization." Information Visualization 1.3-4 (2002): 194-210.
@article{Ward02,
  title={A taxonomy of glyph placement strategies for multidimensional data visualization},
  author={Ward, Matthew O},
  journal={Information Visualization},
  volume={1},
  number={3-4},
  pages={194--210},
  year={2002},
  publisher={SAGE Publications}
}
%[And03] Andrienko, Natalia, Gennady Andrienko, and Peter Gatalsky. "Exploratory spatio-temporal visualization: an analytical review." Journal of Visual Languages & Computing 14.6 (2003): 503-541.
@article{And03,
  title={Exploratory spatio-temporal visualization: an analytical review},
  author={Andrienko, Natalia and Andrienko, Gennady and Gatalsky, Peter},
  journal={Journal of Visual Languages \& Computing},
  volume={14},
  number={6},
  pages={503--541},
  year={2003},
  publisher={Elsevier}
}
%[Roth13] Roth, Robert E. "An empirically-derived taxonomy of interaction primitives for interactive cartography and geovisualization." IEEE transactions on visualization and computer graphics 19.12 (2013): 2356-2365.
@article{Roth13,
  title={An empirically-derived taxonomy of interaction primitives for interactive cartography and geovisualization},
  author={Roth, Robert E},
  journal={IEEE transactions on visualization and computer graphics},
  volume={19},
  number={12},
  pages={2356--2365},
  year={2013},
  publisher={IEEE}
}
%[Yi07] Yi, Ji Soo, et al. "Toward a deeper understanding of the role of interaction in information visualization." Visualization and Computer Graphics, IEEE Transactions on 13.6 (2007): 1224-1231.
@article{Yi07,
  title={Toward a deeper understanding of the role of interaction in information visualization},
  author={Yi, Ji Soo and ah Kang, Youn and Stasko, John and Jacko, Julie},
  journal={IEEE transactions on visualization and computer graphics},
  volume={13},
  number={6},
  pages={1224--1231},
  year={2007},
  publisher={IEEE}
}

%[Dor12] D?rk, Marian, et al. "PivotPaths: Strolling through faceted information spaces." IEEE Transactions on Visualization and Computer Graphics 18.12 (2012): 2709-2718.
@article{Dor12,
  title={PivotPaths: Strolling through faceted information spaces},
  author={D{\"o}rk, Marian and Riche, Nathalie Henry and Ramos, Gonzalo and Dumais, Susan},
  journal={IEEE Transactions on Visualization and Computer Graphics},
  volume={18},
  number={12},
  pages={2709--2718},
  year={2012},
  publisher={IEEE}
}

%[Jaa10] J??skel?inen, Riitta. "Think-aloud protocol." Handbook of translation studies 1 (2010): 371-374.
@article{Jaa10,
  title={Think-aloud protocol},
  author={J{\"a}{\"a}skel{\"a}inen, Riitta},
  journal={Handbook of translation studies},
  volume={1},
  pages={371--374},
  year={2010}
}
%[Krings01] Krings, Hans P., and Geoffrey S. Koby. Repairing texts: empirical investigations of machine translation post-editing processes. Vol. 5. Kent State University Press, 2001.
@book{Krings01,
  title={Repairing texts: empirical investigations of machine translation post-editing processes},
  author={Krings, Hans P and Koby, Geoffrey S},
  volume={5},
  year={2001},
  publisher={Kent State University Press}
}
%[Cooke05] Cooke, Lynne, and Elisabeth Cuddihy. "Using eye tracking to address limitations in think-aloud protocol." IPCC 2005. Proceedings. International Professional Communication Conference, 2005.. IEEE, 2005.
@inproceedings{Cooke05,
  title={Using eye tracking to address limitations in think-aloud protocol},
  author={Cooke, Lynne and Cuddihy, Elisabeth},
  booktitle={IPCC 2005. Proceedings. International Professional Communication Conference, 2005.},
  pages={653--658},
  year={2005},
  organization={IEEE}
}
%[Glei11] Gleicher, Michael, et al. "Visual comparison for information visualization." Information Visualization 10.4 (2011): 289-309.
@article{Glei11,
  title={Visual comparison for information visualization},
  author={Gleicher, Michael and Albers, Danielle and Walker, Rick and Jusufi, Ilir and Hansen, Charles D and Roberts, Jonathan C},
  journal={Information Visualization},
  volume={10},
  number={4},
  pages={289--309},
  year={2011},
  publisher={Sage Publications}
}
%[Mun09] Munzner, Tamara. "A nested model for visualization design and validation." IEEE transactions on visualization and computer graphics 15.6 (2009): 921-928.
@article{Mun09,
  title={A nested model for visualization design and validation},
  author={Munzner, Tamara},
  journal={IEEE transactions on visualization and computer graphics},
  volume={15},
  number={6},
  pages={921--928},
  year={2009},
  publisher={IEEE}
}

%[Zha99] Zhai, Shumin, Carlos Morimoto, and Steven Ihde. "Manual and gaze input cascaded (MAGIC) pointing." Proceedings of the SIGCHI conference on Human Factors in Computing Systems. ACM, 1999.
@inproceedings{Zha99,
  title={Manual and gaze input cascaded (MAGIC) pointing},
  author={Zhai, Shumin and Morimoto, Carlos and Ihde, Steven},
  booktitle={Proceedings of the SIGCHI conference on Human Factors in Computing Systems},
  pages={246--253},
  year={1999},
  organization={ACM}
}
%[Jacob03] Jacob, R. J., and Keith S. Karn. "Eye tracking in human-computer interaction and usability research: Ready to deliver the promises." Mind 2.3 (2003): 4.
@article{Jacob03,
  title={Eye tracking in human-computer interaction and usability research: Ready to deliver the promises},
  author={Jacob, RJ and Karn, Keith S},
  journal={Mind},
  volume={2},
  number={3},
  pages={4},
  year={2003}
}
%[Rein03] Reingold, Eyal M., et al. "Gaze-contingent multiresolutional displays: An integrative review." Human Factors: The Journal of the Human Factors and Ergonomics Society 45.2 (2003): 307-328.
@article{Rein03,
  title={Gaze-contingent multiresolutional displays: An integrative review},
  author={Reingold, Eyal M and Loschky, Lester C and McConkie, George W and Stampe, David M},
  journal={Human Factors: The Journal of the Human Factors and Ergonomics Society},
  volume={45},
  number={2},
  pages={307--328},
  year={2003},
  publisher={SAGE Publications}
}
%[PN02] Parkhurst, Derrick J., and Ernst Niebur. "Variable-resolution displays: A theoretical, practical, and behavioral evaluation." Human Factors: The Journal of the Human Factors and Ergonomics Society 44.4 (2002): 611-629.
@article{PN02,
  title={Variable-resolution displays: A theoretical, practical, and behavioral evaluation},
  author={Parkhurst, Derrick J and Niebur, Ernst},
  journal={Human Factors},
  volume={44},
  number={4},
  pages={611},
  year={2002},
  publisher={Human Factors and Ergonomics Society}
}
%[Dan00] Danforth, Robert, et al. "A platform for gaze-contingent virtual environments." Smart Graphics (Papers from the 2000 AAAI Spring Symposium, Technical Report SS-00-04). 2000.
@inproceedings{Dan00,
  title={A platform for gaze-contingent virtual environments},
  author={Danforth, Robert and Duchowski, Andrew and Geist, Robert and McAliley, Elizabeth},
  booktitle={Smart Graphics (Papers from the 2000 AAAI Spring Symposium, Technical Report SS-00-04)},
  pages={66--70},
  year={2000}
}
%[OD01] O'Sullivan, Carol, and John Dingliana. "Collisions and perception." ACM Transactions on Graphics (TOG) 20.3 (2001): 151-168.
@article{OD01,
  title={Collisions and perception},
  author={O'Sullivan, Carol and Dingliana, John},
  journal={ACM Transactions on Graphics (TOG)},
  volume={20},
  number={3},
  pages={151--168},
  year={2001},
  publisher={ACM}
}
%[ODH02] O?Sullivan, C., J. Dingliana, and S. Howlett. "Gaze-contingent algorithms for interactive graphics." The Mind?s Eyes: Cognitive and Applied Aspects of Eye Movement Research, J. Hy?n?, R. Radach, and H. Deubel, Eds. Elsevier Science, Oxford (2002).
@article{ODH02,
  title={Gaze-contingent algorithms for interactive graphics},
  author={O’Sullivan, C and Dingliana, J and Howlett, S},
  journal={The Mind’s Eyes: Cognitive and Applied Aspects of Eye Movement Research, J. Hy{\"o}n{\"a}, R. Radach, and H. Deubel, Eds. Elsevier Science, Oxford},
  year={2002}
}
%Kumar, Manu, et al. "Improving the accuracy of gaze input for interaction." Proceedings of the 2008 symposium on Eye tracking research & applications. ACM, 2008.
@inproceedings{Kum08,
  title={Improving the accuracy of gaze input for interaction},
  author={Kumar, Manu and Klingner, Jeff and Puranik, Rohan and Winograd, Terry and Paepcke, Andreas},
  booktitle={Proceedings of the 2008 symposium on Eye tracking research \& applications},
  pages={65--68},
  year={2008},
  organization={ACM}
}
%Nielsen, Jakob. "Information foraging: Why Google makes people leave your site faster." Jakob Nielsen’s Alertbox (2003).
@misc{informationscent2003,
  author = {Jakob Nielsen},
  title = {Information Foraging: Why Google Makes People Leave Your Site Faster},
  howpublished = "\url{http://www.nngroup.com/articles/information-scent/}",
  year = {2003}, 
  note = "[Online; accessed 30-June-2003]"
}
%Deran, Roger L. "Entity-attribute value database system with inverse attribute for selectively relating two different entities." U.S. Patent No. 5,010,478. 23 Apr. 1991.
@misc{deran1991entity,
  title={Entity-attribute value database system with inverse attribute for selectively relating two different entities},
  author={Deran, Roger L},
  year={1991},
  month=apr # "~23",
  publisher={Google Patents},
  note={US Patent 5,010,478}
}
%Hinze, J., et al. "Measuring safety performance with active safety leading indicators." Construction industry institute research team 284 research summary (2012).
@misc{SafetyPerf,
  title={Measuring safety performance with active safety leading indicators},
  author={Hinze, J and Hallowell, M. R. and Gibbons, B. and Green, L. and Trickel, S. and Wulf, D},
  howpublished={Construction industry institute research team 284 research
summary},
  publisher={Construction Industry Institute, Univ. of Texas at Austin},
  year={2012}
}
%Pinheiro, R. B. O., et al. "Eye-Tracking Technology for Construction Safety: A Feasibility Study." ISARC. Proceedings of the International Symposium on Automation and Robotics in Construction. Vol. 33. Vilnius Gediminas Technical University, Department of Construction Economics & Property, 2016.
@inproceedings{nipesh,
  title={Eye-Tracking Technology for Construction Safety: A Feasibility Study},
  author={Pinheiro, Renata and Pradhananga, Nipesh and Jianu, Radu and Orabi, Wallied},
  year={2016},
  journal={33rd International Symposium on Automation and Robotics in Construction}
}
%[Okoe15] Okoe, Mershack, and Radu Jianu. "Graphunit: Evaluating interactive graph visualizations using crowdsourcing." Computer Graphics Forum. Vol. 34. No. 3. 2015.
%[Jianu14] Jianu, Radu, et al. "How to display group information on node-link diagrams: an evaluation." IEEE Transactions on visualization and computer graphics 20.11 (2014): 1530-1541.
%[Gho04] Ghoniem, Mohammad, J-D. Fekete, and Philippe Castagliola. "A comparison of the readability of graphs using node-link and matrix-based representations." Information Visualization,  2004. INFOVIS 2004. IEEE Symposium on. Ieee, 2004.


%[fusionUsage] "FusionCharts Usage Statistics." BuiltWith. N.p., n.d. Web. <http://trends.builtwith.com/widgets/FusionCharts>.
%[D3Usage] "D3 JS Usage Statistics Usage Statistics." BuiltWith. N.p., n.d. Web. <http://trends.builtwith.com/javascript/D3-JS>.

%Borland, David, and Russell M. Taylor Ii. "Rainbow color map (still) considered harmful." IEEE computer graphics and applications 27.2 (2007).
@article{borland2007rainbow,
  title={Rainbow color map (still) considered harmful},
  author={Borland, David and Ii, Russell M Taylor},
  journal={IEEE computer graphics and applications},
  volume={27},
  number={2},
  year={2007},
  publisher={IEEE}
}
%Silva, Samuel, Joaquim Madeira, and Beatriz Sousa Santos. "There is more to color scales than meets the eye: a review on the use of color in visualization." Information Visualization, 2007. IV'07. 11th International Conference. IEEE, 2007.
@inproceedings{silva2007there,
  title={There is more to color scales than meets the eye: a review on the use of color in visualization},
  author={Silva, Samuel and Madeira, Joaquim and Santos, Beatriz Sousa},
  booktitle={Information Visualization, 2007. IV'07. 11th International Conference},
  pages={943--950},
  year={2007},
  organization={IEEE}
}
%Richardson, Daniel C., and Rick Dale. "Looking to understand: The coupling between speakers' and listeners' eye movements and its relationship to discourse comprehension." Cognitive science 29.6 (2005): 1045-1060.
@article{richardson2005looking,
  title={Looking to understand: The coupling between speakers' and listeners' eye movements and its relationship to discourse comprehension},
  author={Richardson, Daniel C and Dale, Rick},
  journal={Cognitive science},
  volume={29},
  number={6},
  pages={1045--1060},
  year={2005},
  publisher={Wiley Online Library}
}
%Spence, Robert, and Mark Apperley. "Data base navigation: an office environment for the professional." Behaviour & Information Technology 1.1 (1982): 43-54.
@article{spence1982data,
  title={Data base navigation: an office environment for the professional},
  author={Spence, Robert and Apperley, Mark},
  journal={Behaviour \& Information Technology},
  volume={1},
  number={1},
  pages={43--54},
  year={1982},
  publisher={Taylor \& Francis}
}
%Borgo, Rita, et al. "Glyph-based Visualization: Foundations, Design Guidelines, Techniques and Applications." Eurographics (STARs). 2013.
@inproceedings{borgo2013glyph,
  title={Glyph-based Visualization: Foundations, Design Guidelines, Techniques and Applications.},
  author={Borgo, Rita and Kehrer, Johannes and Chung, David HS and Maguire, Eamonn and Laramee, Robert S and Hauser, Helwig and Ward, Matthew and Chen, Min},
  booktitle={Eurographics (STARs)},
  pages={39--63},
  year={2013}
}
%Köhler, Wolfgang. Gestalt psychology: An introduction to new concepts in modern psychology. WW Norton & Company, 1970.
@book{kohler1970gestalt,
  title={Gestalt psychology: An introduction to new concepts in modern psychology},
  author={K{\"o}hler, Wolfgang},
  year={1970},
  publisher={WW Norton \& Company}
}
%Klippel, Alexander, Frank Hardisty, and Chris Weaver. "Star plots: How shape characteristics influence classification tasks." Cartography and Geographic Information Science 36.2 (2009): 149-163.
@article{klippel2009star,
  title={Star plots: How shape characteristics influence classification tasks},
  author={Klippel, Alexander and Hardisty, Frank and Weaver, Chris},
  journal={Cartography and Geographic Information Science},
  volume={36},
  number={2},
  pages={149--163},
  year={2009},
  publisher={Taylor \& Francis}
}